@article{BEPCBESIII_upgrade,
      author         = "W.G. Li",
      title          = "{BEPCII/BES~III Upgrade and the Prospective Physics}",
      journal        = "ECONFC060409",
      volume         = "23",
      year           = "2006",
      pages          = "FPCP06\_313"
}

@article{MC,
      author         = "Metropolis, N. and  Ulam, S.",
      title          = "{The Monte Carlo Method}",
      journal        = "Journal of the American Statistical Association",
      volume         = "44",
      pages          = "247",
      year           = "1949",
}

@article{BEPCII,
      title         = "BEPCII Preliminary Design Report",
      year           = "2002",
    }


@article{BESIII,
      title         = "BESIII Preliminary Design Report.",
      year           = "2004",
    }
@article{BOOST,
      author         = "邓子艳 等",
      title          = "{面向对象的BESIII探测器模拟系统}",
      journal        = "高能物理与核物理",
      volume         = "30",
      pages          = "371",
      year           = "2006",

      }
@article{Kmfit,
      author         = "严亮 等",
      title          = "{Lagrange multiplier method used in BESIII}",
      journal        = "Chinese Physics C",
      volume         = "34",
      pages          = "204",
      year           = "2010",
      }
@article{PID,
      author         = "秦刚 等",
      title          = "{北京谱仪III上利用神经网络方法进行粒子鉴别的研究}",
      journal        = "Chinese Physics C",
      volume         = "32",
      pages          = "1",
      year           = "2008",
      }

