@article{c1_sm_tau,
		author         = "Perl, Martin L. and others",
		title          = "{Evidence for Anomalous Lepton Production in $e^+e^-$ Annihilation}",
		journal        = "Phys. Rev. Lett.",
		volume         = "35",
		year           = "1975",
		pages          = "1489-1492",
		doi            = "10.1103/PhysRevLett.35.1489",
		reportNumber   = "SLAC-PUB-1626, LBL-4228",
		SLACcitation   = "%%CITATION = PRLTA,35,1489;%%"

}

@article{c1_sm_free_neutrino,
      author         = "Cowan, C. L. and Reines, F. and Harrison, F. B. and Kruse, H. W. and McGuire, A. D.",
      title          = "{Detection of the free neutrino: A Confirmation}",
      journal        = "Science",
      volume         = "124",
      year           = "1956",
      pages          = "103-104",
      doi            = "10.1126/science.124.3212.103",
      SLACcitation   = "%%CITATION = SCIEA,124,103;%%"
}

@article{c1_sm_lederman,
      author         = "Danby, G. and Gaillard, J. M. and Goulianos, Konstantin A. and Lederman, L. M. and Mistry, Nari B. and Schwartz, M. and Steinberger, J.",
      title          = "{Observation of High-Energy Neutrino Reactions and the Existence of Two Kinds of Neutrinos}",
      journal        = "Phys. Rev. Lett.",
      volume         = "9",
      year           = "1962",
      pages          = "36-44",
      doi            = "10.1103/PhysRevLett.9.36",
      SLACcitation   = "%%CITATION = PRLTA,9,36;%%"

}
@article{c1_sm_donut,
      author         = "Kodama, K. and others",
      title          = "{[DONUT Collaboration], Observation of tau neutrino interactions}",
      collaboration  = "DONUT",
      journal        = "Phys. Lett.",
      volume         = "B504",
      year           = "2001",
      pages          = "218-224",
      doi            = "10.1016/S0370-2693(01)00307-0",
      eprint         = "hep-ex/0012035",
      archivePrefix  = "arXiv",
      primaryClass   = "hep-ex",
      reportNumber   = "FERMILAB-PUB-00-335-E",
      SLACcitation   = "%%CITATION = HEP-EX/0012035;%%"
}

@article{c1_qmodel_gell,
      author         = "Gell-Mann, Murray",
      title          = "{A Schematic Model of Baryons and Mesons}",
      journal        = "Phys. Lett.",
      volume         = "8",
      year           = "1964",
      pages          = "214-215",
      doi            = "10.1016/S0031-9163(64)92001-3",
      SLACcitation   = "%%CITATION = PHLTA,8,214;%%"
}

@article{c1_qmodel_Zweig,
		author         = "G. Zweig",
		title          = "{CERN Report}",
		journal        = "8419/Th412",
		year           = "1964",
}


@article{CKM,
      author         = "M. Kobayashi, T. Maskawa",
      journal        = "Prog. Theor. Phys.",
      volume         = "49",
      pages          = "652",
      year           = "1973",

}


@article{Wolfenstein,
      author         = "L. Wolfenstein",
      title          = "{Parametrization of the Kobayashi-Maskawa Matrix}",
      journal        = "Physical Review Letters",
      volume         = "51",
      pages          = "21",
      year           = "1983",
     }

@article{cabibbo,
      author         = "N. Cabibbo",
      title          = "Unitary Symmetry and Leptonic Decays",
      journal        = "Phys. Rev. Lett.",
      volume         = "10",
      pages          = "12",

      year           = "1963"

}



@article{Abrams:1979iu,
      author         = "Abrams, G. S. and others",
      title          = "{Observation of Charmed Baryon Production in e+ e- Annihilation}",
      journal        = "Phys. Rev. Lett.",
      volume         = "44",
      year           = "1980",
      pages          = "10",
      doi            = "10.1103/PhysRevLett.44.10",
      reportNumber   = "SLAC-PUB-2406, LBL-9855",
      SLACcitation   = "%%CITATION = PRLTA,44,10;%%"
}

@article{Knapp:1976qw,
      author         = "Knapp, B. and others",
      title          = "{Observation of a Narrow anti-Baryon State at 2.26-GeV/c**2}",
      journal        = "Phys. Rev. Lett.",
      volume         = "37",
      year           = "1976",
      pages          = "882",
      doi            = "10.1103/PhysRevLett.37.882",
      reportNumber   = "Print-76-0725 (COLUMBIA), FERMILAB-PUB-76-209-E",
      SLACcitation   = "%%CITATION = PRLTA,37,882;%%"
}

@article{Abreu:1999vw,
      author         = "Abreu, P. and others",
      title          = "{[DELPHI Collaboration],Measurements of the Z partial decay width into c anti-c and multiplicity of charm quarks per b decay}",
      collaboration  = "DELPHI",
      journal        = "Eur. Phys. J.",
      volume         = "C12",
      year           = "2000",
      pages          = "225-241",
      doi            = "10.1007/s100529900228",
      reportNumber   = "CERN-EP-99-066, CERN-EP-99-66",
      SLACcitation   = "%%CITATION = EPHJA,C12,225;%%"
}


@article{Barate:1999bg,
      author         = "Barate, R. and others",
      title          = "{[ALEPH Collaboration], Study of charm production in Z decays}",
      collaboration  = "ALEPH",
      journal        = "Eur. Phys. J.",
      volume         = "C16",
      year           = "2000",
      pages          = "597-611",
      doi            = "10.1007/s100520000421",
      eprint         = "hep-ex/9909032",
      archivePrefix  = "arXiv",
      primaryClass   = "hep-ex",
      reportNumber   = "CERN-EP-99-094",
      SLACcitation   = "%%CITATION = HEP-EX/9909032;%%"
}

@article{Dytman:2002yd,
      author         = "Dytman, S. A. and others",
      title          = "{[CLEO Collaboration],Measurement of exclusive B decays to final states
                        containing a charmed baryon}",
      collaboration  = "CLEO",
      journal        = "Phys. Rev.",
      volume         = "D66",
      year           = "2002",
      pages          = "091101",
      doi            = "10.1103/PhysRevD.66.091101",
      eprint         = "hep-ex/0208006",
      archivePrefix  = "arXiv",
      primaryClass   = "hep-ex",
      reportNumber   = "CLNS-02-1793, CLEO-02-11",
      SLACcitation   = "%%CITATION = HEP-EX/0208006;%%"
}
@article{Aaij:2011jp,
      author         = "Aaij, R. and others",
      title          = "{[LHCb Collaboration], Measurement of $b$-hadron production fractions in
                        $7~\rm{TeV} pp$ collisions}",
      collaboration  = "LHCb",
      journal        = "Phys. Rev.",
      volume         = "D85",
      year           = "2012",
      pages          = "032008",
      doi            = "10.1103/PhysRevD.85.032008",
      eprint         = "1111.2357",
      archivePrefix  = "arXiv",
      primaryClass   = "hep-ex",
      reportNumber   = "CERN-PH-EP-2011-172, LHCB-PAPER-2011-018",
      SLACcitation   = "%%CITATION = ARXIV:1111.2357;%%"
}



@article{Georgi:1991ch,
      author         = "Georgi, Howard",
      title          = "{On-shell effective field theory}",
      journal        = "Nucl. Phys.",
      volume         = "B361",
      year           = "1991",
      pages          = "339-350",
      doi            = "10.1016/0550-3213(91)90244-R",
      reportNumber   = "HUTP-91-A014",
      SLACcitation   = "%%CITATION = NUPHA,B361,339;%%"
}

@article{Neubert:1993mb,
      author         = "Neubert, Matthias",
      title          = "{Heavy quark symmetry}",
      journal        = "Phys. Rept.",
      volume         = "245",
      year           = "1994",
      pages          = "259-396",
      doi            = "10.1016/0370-1573(94)90091-4",
      eprint         = "hep-ph/9306320",
      archivePrefix  = "arXiv",
      primaryClass   = "hep-ph",
      reportNumber   = "SLAC-PUB-6263",
      SLACcitation   = "%%CITATION = HEP-PH/9306320;%%"
}


@article{Lichtenberg:1967zz,
      author         = "Lichtenberg, D. B. and Tassie, L. J.",
      title          = "{Baryon Mass Splitting in a Boson-Fermion Model}",
      journal        = "Phys. Rev.",
      volume         = "155",
      year           = "1967",
      pages          = "1601-1606",
      doi            = "10.1103/PhysRev.155.1601",
      SLACcitation   = "%%CITATION = PHRVA,155,1601;%%"
}


@article{Anselmino:1987vk,
      author         = "Anselmino, M. and Kroll, P. and Pire, B.",
      title          = "{Diquarks in Exclusive Reactions at Large Momentum Transfer}",
      journal        = "Z. Phys.",
      volume         = "C36",
      year           = "1987",
      pages          = "89",
      doi            = "10.1007/BF01556169",
      reportNumber   = "WU-B-87-2",
      SLACcitation   = "%%CITATION = ZEPYA,C36,89;%%"
}

@article{Kroll:1987pj,
      author         = "Kroll, P. and Schweiger, W.",
      title          = "{A Diquark Model for Proton - Anti-proton Annihilation Into Hyperon - Anti-hyperon}",
      journal        = "Nucl. Phys.",
      volume         = "A474",
      year           = "1987",
      pages          = "608",
      doi            = "10.1016/0375-9474(87)90596-3",
      reportNumber   = "WU B-87-9",
      SLACcitation   = "%%CITATION = NUPHA,A474,608;%%"
}


@article{Mannel:1990vg,
      author         = "Mannel, Thomas and Roberts, Winston and Ryzak, Zbigniew",
      title          = "{Baryons in the heavy quark effective theory}",
      journal        = "Nucl. Phys.",
      volume         = "B355",
      year           = "1991",
      pages          = "38-53",
      doi            = "10.1016/0550-3213(91)90301-D",
      reportNumber   = "DESY-90-101, HUTP-90-A047",
      SLACcitation   = "%%CITATION = NUPHA,B355,38;%%"
}


@article{Leinweber:1993nr,
      author         = "Leinweber, Derek B.",
      title          = "{Do quarks really form diquark clusters in the nucleon?}",
      journal        = "Phys. Rev.",
      volume         = "D47",
      year           = "1993",
      pages          = "5096-5103",
      doi            = "10.1103/PhysRevD.47.5096",
      eprint         = "hep-ph/9302266",
      archivePrefix  = "arXiv",
      primaryClass   = "hep-ph",
      reportNumber   = "UMD-PP-93-002",
      SLACcitation   = "%%CITATION = HEP-PH/9302266;%%"
}

@article{Ebert:1995fp,
      author         = "Ebert, Dietmar and Feldmann, Thorsten and Kettner, Christiane and Reinhardt, Hugo",
      title          = "{A Diquark model for baryons containing one heavy quark}",
      journal        = "Z. Phys.",
      volume         = "C71",
      year           = "1996",
      pages          = "329-336",
      doi            = "10.1007/s002880050178",
      eprint         = "hep-ph/9506298",
      archivePrefix  = "arXiv",
      primaryClass   = "hep-ph",
      reportNumber   = "HUB-EP-95-4, DESY-95-154",
      SLACcitation   = "%%CITATION = HEP-PH/9506298;%%"
}


@article{Fusheng:2011tw,
      author         = "Fu-Sheng, Yu and Wang, Xiao-Xia and Lu, Cai-Dian",
      title          = "{Nonleptonic Two Body Decays of Charmed Mesons}",
      journal        = "Phys. Rev.",
      volume         = "D84",
      year           = "2011",
      pages          = "074019",
      doi            = "10.1103/PhysRevD.84.074019",
      eprint         = "1101.4714",
      archivePrefix  = "arXiv",
      primaryClass   = "hep-ph",
      SLACcitation   = "%%CITATION = ARXIV:1101.4714;%%"
}


@article{Li:2012cfa,
      author         = "Li, Hsiang-nan and Lu, Cai-Dian and Yu, Fu-Sheng",
      title          = "{Branching ratios and direct CP asymmetries in $D\to PP$ decays}",
      journal        = "Phys. Rev.",
      volume         = "D86",
      year           = "2012",
      pages          = "036012",
      doi            = "10.1103/PhysRevD.86.036012",
      eprint         = "1203.3120",
      archivePrefix  = "arXiv",
      primaryClass   = "hep-ph",
      SLACcitation   = "%%CITATION = ARXIV:1203.3120;%%"
}


@article{Buras:1985xv,
      author         = "Buras, A. J. and Gerard, J. M. and Ruckl, R.",
      title          = "{1/n Expansion for Exclusive and Inclusive Charm Decays}",
      journal        = "Nucl. Phys.",
      volume         = "B268",
      year           = "1986",
      pages          = "16",
      doi            = "10.1016/0550-3213(86)90200-2",
      reportNumber   = "MPI-PAE-PTH-41-85",
      SLACcitation   = "%%CITATION = NUPHA,B268,16;%%"
}


@article{Fukugita:1977df,
      author         = "Fukugita, M. and Inami, T. and Sakai, N. and Yazaki, S.",
      title          = "{Nonleptonic Decays of Kaons in the 1/N-C Expansion}",
      journal        = "Phys. Lett.",
      volume         = "B72",
      year           = "1977",
      pages          = "237-239",
      doi            = "10.1016/0370-2693(77)90711-0",
      reportNumber   = "TU/77/175",
      SLACcitation   = "%%CITATION = PHLTA,B72,237;%%"
}

@article{Tadic:1982vn,
      author         = "Tadic, Dubravko and Trampetic, Josip",
      title          = "{Weak Meson Decays and the 1/$N^- c$ Expansion}",
      journal        = "Phys. Lett.",
      volume         = "B114",
      year           = "1982",
      pages          = "179",
      doi            = "10.1016/0370-2693(82)90142-3",
      reportNumber   = "Print-82-0562 (BOSKOVIC INST)",
      SLACcitation   = "%%CITATION = PHLTA,B114,179;%%"
}

@article{Bauer:1984zv,
      author         = "Bauer, Manfred and Stech, Berthold",
      title          = "{Exclusive d Decays}",
      journal        = "Phys. Lett.",
      volume         = "B152",
      year           = "1985",
      pages          = "380",
      doi            = "10.1016/0370-2693(85)90515-5",
      reportNumber   = "HD-THEP-84-22-REV, HD-THEP-84-22",
      SLACcitation   = "%%CITATION = PHLTA,B152,380;%%"
}

@article{Blok:1986um,
      author         = "Blok, B. {\relax Yu}. and Shifman, Mikhail A.",
      title          = "{Towards a Theory of Weak Hadronic Decays of Charmed Particles}",
      journal        = "Sov. J. Nucl. Phys.",
      volume         = "45",
      year           = "1987",
      pages          = "135",
      note           = "[Yad. Fiz.45,211(1987)]",
      reportNumber   = "ITEP-9-1986",
      SLACcitation   = "%%CITATION = SJNCA,45,135;%%"
}


@article{Blok:1986hm,
      author         = "Blok, B. {\relax Yu}. and Shifman, Mikhail A.",
      title          = "{Weak Nonleptonic Decays of Charmed Mesons in QCD Sum Rules}",
      journal        = "Sov. J. Nucl. Phys.",
      volume         = "45",
      year           = "1987",
      pages          = "301",
      note           = "[Yad. Fiz.45,478(1987)]",
      reportNumber   = "ITEP-17-1986",
      SLACcitation   = "%%CITATION = SJNCA,45,301;%%"
}



@article{Blok:1986sn,
      author         = "Blok, B. {\relax Yu}. and Shifman, Mikhail A.",
      title          = "{Weak Nonleptonic Decays of Charmed Mesons: Theory Versus Experiment}",
      journal        = "Sov. J. Nucl. Phys.",
      volume         = "45",
      year           = "1987",
      pages          = "522",
      note           = "[Yad. Fiz.45,841(1987)]",
      reportNumber   = "ITEP-37-1986",
      SLACcitation   = "%%CITATION = SJNCA,45,522;%%"
}


@article{Cheng:1991sn,
      author         = "Cheng, Hai-Yang and Tseng, B.",
      title          = "{Nonleptonic weak decays of charmed baryons}",
      journal        = "Phys. Rev.",
      volume         = "D46",
      year           = "1992",
      pages          = "1042",
      doi            = "10.1103/PhysRevD.55.1697, 10.1103/PhysRevD.46.1042",
      note           = "[Erratum: Phys. Rev.D55,1697(1997)]",
      reportNumber   = "IP-ASTP-17-91",
      SLACcitation   = "%%CITATION = PHRVA,D46,1042;%%"
}

@article{Cheng:1993gf,
      author         = "Cheng, Hai-Yang and Tseng, B.",
      title          = "{Cabibbo allowed nonleptonic weak decays of charmed baryons}",
      journal        = "Phys. Rev.",
      volume         = "D48",
      year           = "1993",
      pages          = "4188-4202",
      doi            = "10.1103/PhysRevD.48.4188",
      eprint         = "hep-ph/9304286",
      archivePrefix  = "arXiv",
      primaryClass   = "hep-ph",
      reportNumber   = "IP-ASTP-10-93, ITP-SB-93-20",
      SLACcitation   = "%%CITATION = HEP-PH/9304286;%%"
}

@article{Asner:2008nq,
      author         = "Asner, D. M. and others",
      title          = "{Physics at BES-III}",
      journal        = "Int. J. Mod. Phys.",
      volume         = "A24",
      year           = "2009",
      pages          = "S1-794",
      eprint         = "0809.1869",
      archivePrefix  = "arXiv",
      primaryClass   = "hep-ex",
      reportNumber   = "IHEP-PHYSICS-REPORT-BES-III-2008-001",
      SLACcitation   = "%%CITATION = ARXIV:0809.1869;%%"
}


@article{Sharma:1998rd,
      author         = "Sharma, K. K. and Verma, R. C.",
      title          = "{A Study of weak mesonic decays of Lambda(c) and Xi(c) baryons on the basis of HQET results}",
      journal        = "Eur. Phys. J.",
      volume         = "C7",
      year           = "1999",
      pages          = "217-224",
      doi            = "10.1007/s100529801008",
      eprint         = "hep-ph/9803302",
      archivePrefix  = "arXiv",
      primaryClass   = "hep-ph",
      SLACcitation   = "%%CITATION = HEP-PH/9803302;%%"
}

@article{Korner:1992wi,
      author         = "Korner, J. G. and Kramer, M.",
      title          = "{Exclusive nonleptonic charm baryon decays}",
      journal        = "Z. Phys.",
      volume         = "C55",
      year           = "1992",
      pages          = "659-670",
      doi            = "10.1007/BF01561305",
      reportNumber   = "DESY-92-049, MZ-TH-91-07",
      SLACcitation   = "%%CITATION = ZEPYA,C55,659;%%"
}

@article{Xu:1992vc,
      author         = "Xu, Q. P. and Kamal, A. N.",
      title          = "{Cabibbo favored nonleptonic decays of charmed baryons}",
      journal        = "Phys. Rev.",
      volume         = "D46",
      year           = "1992",
      pages          = "270-278",
      doi            = "10.1103/PhysRevD.46.270",
      reportNumber   = "ALBERTA-THY-8-92",
      SLACcitation   = "%%CITATION = PHRVA,D46,270;%%"
}

@article{Ivanov:1997ra,
      author         = "Ivanov, Mikhail A. and Korner, J. G. and Lyubovitskij, Valery E. and Rusetsky, A. G.",
      title          = "{Exclusive nonleptonic decays of bottom and charm baryons in a relativistic three quark model: Evaluation of nonfactorizing diagrams}",
      journal        = "Phys. Rev.",
      volume         = "D57",
      year           = "1998",
      pages          = "5632-5652",
      doi            = "10.1103/PhysRevD.57.5632",
      eprint         = "hep-ph/9709372",
      archivePrefix  = "arXiv",
      primaryClass   = "hep-ph",
      reportNumber   = "MZ-TH-97-15",
      SLACcitation   = "%%CITATION = HEP-PH/9709372;%%"
}

@article{Zenczykowski:1993jm,
      author         = "Zenczykowski, Piotr",
      title          = "{Nonleptonic charmed baryon decays: Symmetry properties of parity violating amplitudes}",
      journal        = "Phys. Rev.",
      volume         = "D50",
      year           = "1994",
      pages          = "5787-5792",
      doi            = "10.1103/PhysRevD.50.5787",
      reportNumber   = "INP-1655-PH",
      SLACcitation   = "%%CITATION = PHRVA,D50,5787;%%"
}

@article{Zenczykowski:1993jn,
      author         = "Zenczykowski, P.",
      title          = "{Weak hyperon decays: Quark sea and SU(3) symmetry
                        breaking}",
      journal        = "Phys. Rev.",
      volume         = "D50",
      year           = "1994",
      pages          = "3285-3294",
      doi            = "10.1103/PhysRevD.50.3285",
      eprint         = "hep-ph/9310241",
      archivePrefix  = "arXiv",
      primaryClass   = "hep-ph",
      reportNumber   = "INP-1647-PH",
      SLACcitation   = "%%CITATION = HEP-PH/9310241;%%"
}
@article{Zenczykowski:1993hw,
      author         = "Zenczykowski, P.",
      title          = "{Quark and pole models of nonleptonic decays of charmed
                        baryons}",
      journal        = "Phys. Rev.",
      volume         = "D50",
      year           = "1994",
      pages          = "402-411",
      doi            = "10.1103/PhysRevD.50.402",
      eprint         = "hep-ph/9309265",
      archivePrefix  = "arXiv",
      primaryClass   = "hep-ph",
      reportNumber   = "INP-1643-PH",
      SLACcitation   = "%%CITATION = HEP-PH/9309265;%%"
}

@article{Lambdac_bes3,
      author         = "Ablikim, M. and others",
      title          = "{[BESIII Collaboration],Measurements of absolute hadronic branching fractions of $\Lambda_{c}^{+}$ baryon}",
      collaboration  = "BESIII",
      journal        = "Phys. Rev. Lett.",
      volume         = "116",
      year           = "2016",
      pages          = "052001",
      doi            = "10.1103/PhysRevLett.116.052001",
      eprint         = "1511.08380",
      archivePrefix  = "arXiv",
      primaryClass   = "hep-ex",
      SLACcitation   = "%%CITATION = ARXIV:1511.08380;%%"
}

@article{Lambdac_belle,
      author         = "Zupanc, A. and others",
      title          = "{[Belle Collaboration],Measurement of the Branching Fraction $\mathcal B(\Lambda_c^+ \to p K^- \pi^+)$}",
      collaboration  = "Belle",
      journal        = "Phys. Rev. Lett.",
      volume         = "113",
      year           = "2014",
      number         = "4",
      pages          = "042002",
      doi            = "10.1103/PhysRevLett.113.042002",
      eprint         = "1312.7826",
      archivePrefix  = "arXiv",
      primaryClass   = "hep-ex",
      reportNumber   = "BELLE-PREPRINT-2013-30, KEK-PREPRINT-2013-58",
      SLACcitation   = "%%CITATION = ARXIV:1312.7826;%%"
}


@article{c1_hd_Hooft_1,
      author         = "'t Hooft, Gerard",
      title          = "{Renormalizable Lagrangians for Massive Yang-Mills Fields}",
      journal        = "Nucl. Phys.",
      volume         = "B35",
      year           = "1971",
      pages          = "167-188",
      doi            = "10.1016/0550-3213(71)90139-8",
      SLACcitation   = "%%CITATION = NUPHA,B35,167;%%"
}

@article{c1_hd_Hooft,
      author         = "'t Hooft, Gerard",
      title          = "{Unpublished talk at the Marseille conference on renormalization of Yang-Mills fields and applications to particle physics }",
      year           = "1972",
}

@article{c1_hd_Gross,
      author         = "Gross, David J. and Wilczek, Frank",
      title          = "{Ultraviolet Behavior of Nonabelian Gauge Theories}",
      journal        = "Phys. Rev. Lett.",
      volume         = "30",
      year           = "1973",
      pages          = "1343-1346",
      doi            = "10.1103/PhysRevLett.30.1343",
      SLACcitation   = "%%CITATION = PRLTA,30,1343;%%"
}

@article{c1_hd_Politzer,
      author         = "Politzer, H. David",
      title          = "{Reliable Perturbative Results for Strong Interactions?}",
      journal        = "Phys. Rev. Lett.",
      volume         = "30",
      year           = "1973",
      pages          = "1346-1349",
      doi            = "10.1103/PhysRevLett.30.1346",
      SLACcitation   = "%%CITATION = PRLTA,30,1346;%%"
}

@article{c1_hd_Brambilla,
      author         = "Brambilla, N. and others",
      title          = "{QCD and Strongly Coupled Gauge Theories: Challenges and Perspectives}",
      journal        = "Eur. Phys. J.",
      volume         = "C74",
      year           = "2014",
      number         = "10",
      pages          = "2981",
      doi            = "10.1140/epjc/s10052-014-2981-5",
      eprint         = "1404.3723",
      archivePrefix  = "arXiv",
      primaryClass   = "hep-ph",
      reportNumber   = "FERMILAB-PUB-14-024-T, CCQCN-2014-24, CCTP-2014-5,
                        CERN-PH-TH-2014-033, DF-1-2014, HIP-2014-03-TH,
                        ITEP-LAT-2014-1, JLAB-THY-14-1865, LLNL-JRNL-651216,
                        MITP-14-016, NT@UW-14-04, RUB-TPII-01-2014, TUM-EFT-46-14,
                        UWTHPH-2014-006",
      SLACcitation   = "%%CITATION = ARXIV:1404.3723;%%"
}

@article{c1_hd_Lepage,
      author         = "Lepage, G. Peter and Mackenzie, Paul B.",
      title          = "{On the viability of lattice perturbation theory}",
      journal        = "Phys. Rev.",
      volume         = "D48",
      year           = "1993",
      pages          = "2250-2264",
      doi            = "10.1103/PhysRevD.48.2250",
      eprint         = "hep-lat/9209022",
      archivePrefix  = "arXiv",
      primaryClass   = "hep-lat",
      reportNumber   = "FERMILAB-PUB-91-269-T, NSF-ITP-90-227,
                        FERMILAB-PUB-91-355-T-REV",
      SLACcitation   = "%%CITATION = HEP-LAT/9209022;%%"
}


@article{c1_hd_Brambilla_1,
      author         = "Brambilla, N. and others",
      title          = "{Heavy quarkonium: progress, puzzles, and opportunities}",
      journal        = "Eur. Phys. J.",
      volume         = "C71",
      year           = "2011",
      pages          = "1534",
      doi            = "10.1140/epjc/s10052-010-1534-9",
      eprint         = "1010.5827",
      archivePrefix  = "arXiv",
      primaryClass   = "hep-ph",
      reportNumber   = "SLAC-R-996, TUM-EFT-11-10, CLNS-10-2066,
                        ANL-HEP-PR-10-44, ALBERTA-THY-11-10, CP3-10-37,
                        FZJ-IKP-TH-2010-24, INT-PUB-10-059, JLAB-THY-11-1308,
                        FERMILAB-PUB-10-737-T",
      SLACcitation   = "%%CITATION = ARXIV:1010.5827;%%"
}

@article{c1_hd_Eichten:1979ms,
      author         = "Eichten, E. and Gottfried, K. and Kinoshita, T. and Lane, K. D. and Yan, Tung-Mow",
      title          = "{Charmonium: Comparison with Experiment}",
      journal        = "Phys. Rev.",
      volume         = "D21",
      year           = "1980",
      pages          = "203",
      doi            = "10.1103/PhysRevD.21.203",
      reportNumber   = "CLNS-425",
      SLACcitation   = "%%CITATION = PHRVA,D21,203;%%"
}

@article{c1_hd_Eichten:2007qx,
      author         = "Eichten, Estia and Godfrey, Stephen and Mahlke, Hanna and Rosner, Jonathan L.",
      title          = "{Quarkonia and their transitions}",
      journal        = "Rev. Mod. Phys.",
      volume         = "80",
      year           = "2008",
      pages          = "1161-1193",
      doi            = "10.1103/RevModPhys.80.1161",
      eprint         = "hep-ph/0701208",
      archivePrefix  = "arXiv",
      primaryClass   = "hep-ph",
      reportNumber   = "CLNS-07-1988, EFI-06-15, FERMILAB-PUB-07-006-T",
      SLACcitation   = "%%CITATION = HEP-PH/0701208;%%"
}

@article{c1_hd_Eichten:1995ch,
      author         = "Eichten, Estia J. and Quigg, Chris",
      title          = "{Quarkonium wave functions at the origin}",
      journal        = "Phys. Rev.",
      volume         = "D52",
      year           = "1995",
      pages          = "1726-1728",
      doi            = "10.1103/PhysRevD.52.1726",
      eprint         = "hep-ph/9503356",
      archivePrefix  = "arXiv",
      primaryClass   = "hep-ph",
      reportNumber   = "FERMILAB-PUB-95-045-T, CLNS-95-1329",
      SLACcitation   = "%%CITATION = HEP-PH/9503356;%%"
}

@article{c1_hd_Godfrey:1985xj,
      author         = "Godfrey, S. and Isgur, Nathan",
      title          = "{Mesons in a Relativized Quark Model with Chromodynamics}",
      journal        = "Phys. Rev.",
      volume         = "D32",
      year           = "1985",
      pages          = "189-231",
      doi            = "10.1103/PhysRevD.32.189",
      SLACcitation   = "%%CITATION = PHRVA,D32,189;%%"
}

@article{PDG2014,
      author         = "Olive, K. A. and others",
      title          = "{[Particle Data Group Collaboration],Review of Particle Physics}",
      collaboration  = "Particle Data Group",
      journal        = "Chin. Phys.",
      volume         = "C38",
      year           = "2014",
      pages          = "090001",
      doi            = "10.1088/1674-1137/38/9/090001",
      SLACcitation   = "%%CITATION = CHPHD,C38,090001;%%"
}



@article{new_cclike1,
      author         = "Aubert, Bernard and others",
      title          = "{[BaBar Collaboration],Observation of a broad structure in the $\pi^+ \pi^- J/\psi$ mass spectrum around 4.26-GeV/c$^2$}",
      collaboration  = "BaBar",
      journal        = "Phys. Rev. Lett.",
      volume         = "95",
      year           = "2005",
      pages          = "142001",
      doi            = "10.1103/PhysRevLett.95.142001",
      eprint         = "hep-ex/0506081",
      archivePrefix  = "arXiv",
      primaryClass   = "hep-ex",
      reportNumber   = "BABAR-PUB-05-29, SLAC-PUB-11320",
      SLACcitation   = "%%CITATION = HEP-EX/0506081;%%"
}

@article{new_cclike2,
      author         = "Yuan, C. Z. and others",
      title          = "{[Belle Collaboration],Measurement of $e^+e^- \to \pi^+ \pi^-J/\psi$ cross-section via initial state radiation at Belle}",
      collaboration  = "Belle",
      journal        = "Phys. Rev. Lett.",
      volume         = "99",
      year           = "2007",
      pages          = "182004",
      doi            = "10.1103/PhysRevLett.99.182004",
      eprint         = "0707.2541",
      archivePrefix  = "arXiv",
      primaryClass   = "hep-ex",
      reportNumber   = "BELLE-PREPRINT-2007-31, KEK-PREPRINT-2007-23",
      SLACcitation   = "%%CITATION = ARXIV:0707.2541;%%"
}


@article{new_cclike3,
      author         = "Wang, X. L. and others",
      title          = "{[Belle Collaboration],Observation of Two Resonant Structures in $e^+e^- \to \pi^+ \pi^-\psi(2S)$ via Initial State Radiation at Belle}",
      collaboration  = "Belle",
      journal        = "Phys. Rev. Lett.",
      volume         = "99",
      year           = "2007",
      pages          = "142002",
      doi            = "10.1103/PhysRevLett.99.142002",
      eprint         = "0707.3699",
      archivePrefix  = "arXiv",
      primaryClass   = "hep-ex",
      reportNumber   = "BELLE-2007-33, KEK-2007-27",
      SLACcitation   = "%%CITATION = ARXIV:0707.3699;%%"
}

@article{new_cclike4,
      author         = "Lees, J. P. and others",
      title          = "{[BaBar Collaboration],Study of the reaction $e^{+}e^{-} \to J/\psi\pi^{+}\pi^{-}$ via initial-state radiation at BaBar}",
      collaboration  = "BaBar",
      journal        = "Phys. Rev.",
      volume         = "D86",
      year           = "2012",
      pages          = "051102",
      doi            = "10.1103/PhysRevD.86.051102",
      eprint         = "1204.2158",
      archivePrefix  = "arXiv",
      primaryClass   = "hep-ex",
      reportNumber   = "BABAR-PUB-08-051, SLAC-PUB-14947",
      SLACcitation   = "%%CITATION = ARXIV:1204.2158;%%"
}


@article{Liuxiang,
      author         = "Liu, Xiang",
      title          = "{An overview of $XYZ$ new particles}",
      journal        = "Chin. Sci. Bull.",
      volume         = "59",
      year           = "2014",
      pages          = "3815-3830",
      doi            = "10.1007/s11434-014-0407-2",
      eprint         = "1312.7408",
      archivePrefix  = "arXiv",
      primaryClass   = "hep-ph",
      SLACcitation   = "%%CITATION = ARXIV:1312.7408;%%"
}


@article{BelleZb1,
      author         = "Bondar, A. and others",
      title          = "{[Belle Collaboration],Observation of two charged bottomonium-like resonances in Y(5S) decays}",
      collaboration  = "Belle",
      journal        = "Phys. Rev. Lett.",
      volume         = "108",
      year           = "2012",
      pages          = "122001",
      doi            = "10.1103/PhysRevLett.108.122001",
      eprint         = "1110.2251",
      archivePrefix  = "arXiv",
      primaryClass   = "hep-ex",
      SLACcitation   = "%%CITATION = ARXIV:1110.2251;%%"
}

@inproceedings{BelleZb2,
      author         = "Adachi, I. and others",
      title          = "{[Belle Collaboration],Study of Three-Body Y(10860) Decays}",
      collaboration  = "Belle",
      url            = "http://inspirehep.net/record/1188677/files/arXiv:1209.6450.pdf",
      year           = "2012",
      eprint         = "1209.6450",
      archivePrefix  = "arXiv",
      primaryClass   = "hep-ex",
      reportNumber   = "BELLE-CONF-1272",
      SLACcitation   = "%%CITATION = ARXIV:1209.6450;%%"
}



@article{Zc3900_bes3,
      author         = "Ablikim, M. and others",
      title          = "{[BESIII Collaboration],Observation of a Charged Charmoniumlike Structure in $e^+e^- \to \pi^{+}\pi^{-}J/\psi$ at $\sqrt{s}=4.26$GeV}",
      collaboration  = "BESIII",
      journal        = "Phys. Rev. Lett.",
      volume         = "110",
      year           = "2013",
      pages          = "252001",
      doi            = "10.1103/PhysRevLett.110.252001",
      eprint         = "1303.5949",
      archivePrefix  = "arXiv",
      primaryClass   = "hep-ex",
      SLACcitation   = "%%CITATION = ARXIV:1303.5949;%%"
}

@article{Zc4025,
      author         = "Ablikim, M. and others",
      title          = "{[BESIII Collaboration],Observation of a charged charmoniumlike structure in $e^+e^- \to (D^{*} \bar{D}^{*})^{\pm} \pi^\mp$ at $\sqrt{s}=4.26$GeV}",
      collaboration  = "BESIII",
      journal        = "Phys. Rev. Lett.",
      volume         = "112",
      year           = "2014",
      number         = "13",
      pages          = "132001",
      doi            = "10.1103/PhysRevLett.112.132001",
      eprint         = "1308.2760",
      archivePrefix  = "arXiv",
      primaryClass   = "hep-ex",
      SLACcitation   = "%%CITATION = ARXIV:1308.2760;%%"
}

@article{Zc4020,
      author         = "Ablikim, M. and others",
      title          = "{[BESIII Collaboration],Observation of a Charged Charmoniumlike Structure $Z_c$(4020) and Search for the $Z_c$(3900) in $e^+e^- \to \pi^+\pi^-h_c$}",
      collaboration  = "BESIII",
      journal        = "Phys. Rev. Lett.",
      volume         = "111",
      year           = "2013",
      number         = "24",
      pages          = "242001",
      doi            = "10.1103/PhysRevLett.111.242001",
      eprint         = "1309.1896",
      archivePrefix  = "arXiv",
      primaryClass   = "hep-ex",
      SLACcitation   = "%%CITATION = ARXIV:1309.1896;%%"
}
@article{Zc3885,
      author         = "Ablikim, M. and others",
      title          = "{[BESIII Collaboration],Observation of a charged $(D\bar{D}^{*})^\pm$ mass peak in $e^{+}e^{-} \to \pi D\bar{D}^{*}$ at $\sqrt{s} =$ 4.26 GeV}",
      collaboration  = "BESIII",
      journal        = "Phys. Rev. Lett.",
      volume         = "112",
      year           = "2014",
      number         = "2",
      pages          = "022001",
      doi            = "10.1103/PhysRevLett.112.022001",
      eprint         = "1310.1163",
      archivePrefix  = "arXiv",
      primaryClass   = "hep-ex",
      SLACcitation   = "%%CITATION = ARXIV:1310.1163;%%"
}



@article{Zc3900_belle,
      author         = "Liu, Z. Q. and others",
      title          = "{[Belle Collaboration],Study of $e^+e^- \to \pi^{+}\pi^{-}J/\psi$ Observation of a Charged Charmoniumlike State at Belle}",
      collaboration  = "Belle",
      journal        = "Phys. Rev. Lett.",
      volume         = "110",
      year           = "2013",
      pages          = "252002",
      doi            = "10.1103/PhysRevLett.110.252002",
      eprint         = "1304.0121",
      archivePrefix  = "arXiv",
      primaryClass   = "hep-ex",
      reportNumber   = "BELLE-PREPRINT-2013-6, KEK-PREPRINT-2013-2",
      SLACcitation   = "%%CITATION = ARXIV:1304.0121;%%"
}


@article{Zc4025_neu,
      author         = "Ablikim, M. and others",
      title          = "{[BESIII Collaboration],Observation of a neutral charmoniumlike state $Z_c(4025)^0$ in $e^{+} e^{-} \to (D^{*} \bar{D}^{*})^{0} \pi^0$}",
      collaboration  = "BESIII",
      journal        = "Phys. Rev. Lett.",
      volume         = "115",
      year           = "2015",
      number         = "18",
      pages          = "182002",
      doi            = "10.1103/PhysRevLett.115.182002",
      eprint         = "1507.02404",
      archivePrefix  = "arXiv",
      primaryClass   = "hep-ex",
      SLACcitation   = "%%CITATION = ARXIV:1507.02404;%%"
}

