@article{Pakhlova:2008vn,
      author         = "Pakhlova, G. and others",
      title          = "{[Belle Collaboration], Observation of a near-threshold enhancement in the $\ee$  $\to$ Lambda+(c) Lambda-(c) cross section using
                        initial-state radiation}",
      booktitle      = "{Proceedings, 34th International Conference on High
                        Energy Physics (ICHEP 2008)}",
      collaboration  = "Belle",
      journal        = "Phys. Rev. Lett.",
      volume         = "101",
      year           = "2008",
      pages          = "172001",
      doi            = "10.1103/PhysRevLett.101.172001",
      eprint         = "0807.4458",
      archivePrefix  = "arXiv",
      primaryClass   = "hep-ex",
      SLACcitation   = "%%CITATION = ARXIV:0807.4458;%%"
}

@article{Ablikim:2017lct,
      author         = "Ablikim, Medina and others",
      title          = "{Precision measurement of the $e^{+}e^{-}~\rightarrow~\Lambda_{c}^{+} \bar{\Lambda}_{c}^{-}$ cross section near threshold}",
      collaboration  = "BESIII",
      journal        = "Phys. Rev. Lett.",
      volume         = "120",
      year           = "2018",
      number         = "13",
      pages          = "132001",
      doi            = "10.1103/PhysRevLett.120.132001",
      eprint         = "1710.00150",
      archivePrefix  = "arXiv",
      primaryClass   = "hep-ex",
      SLACcitation   = "%%CITATION = ARXIV:1710.00150;%%"
}


@article{mark3a,
      author         = "Baltrusaitis, R. M. and others",
      title          = "{[MARK-III Collaboration], Direct Measurements of Charmed D Meson Hadronic
                        Branching Fractions}",
      collaboration  = "MARK-III",
      journal        = "Phys. Rev. Lett.",
      volume         = "56",
      year           = "1986",
      pages          = "2140",
      doi            = "10.1103/PhysRevLett.56.2140",
      reportNumber   = "SLAC-PUB-3861",
      SLACcitation   = "%%CITATION = PRLTA,56,2140;%%"
}

@article{mark3b,
      author         = "Adler, J. and others",
      title          = "{[MARK-III Collaboration], A Reanalysis of Charmed D Meson Branching Fractions}",
      booktitle      = "{HADRONS, QUARKS AND GLUONS. PROCEEDINGS, HADRONIC
                        SESSION OF THE 22ND RENCONTRE DE MORIOND, LES ARCS,
                        FRANCE, MARCH 15-21, 1987}",
      collaboration  = "MARK-III",
      journal        = "Phys. Rev. Lett.",
      volume         = "60",
      year           = "1988",
      pages          = "89",
      doi            = "10.1103/PhysRevLett.60.89",
      reportNumber   = "SLAC-PUB-4291",
      SLACcitation   = "%%CITATION = PRLTA,60,89;%%"
}


@article{Ablikim:2015nan,
      author         = "Ablikim, M. and others",
      title          = "{[BESIII Collaboration], Precision measurement of the integrated luminosity of
                        the data taken by BESIII at center of mass energies
                        between 3.810 GeV and 4.600 GeV}",
      collaboration  = "BESIII",
      journal        = "Chin. Phys.",
      volume         = "C39",
      year           = "2015",
      number         = "9",
      pages          = "093001",
      doi            = "10.1088/1674-1137/39/9/093001",
      eprint         = "1503.03408",
      archivePrefix  = "arXiv",
      primaryClass   = "hep-ex",
      SLACcitation   = "%%CITATION = ARXIV:1503.03408;%%"
}
@article{ref:geant4a,
      author         = "Agostinelli, S. and others",
      title          = "{[GEANT4 Collaboration], GEANT4: A Simulation toolkit}",
      collaboration  = "GEANT4",
      journal        = "Nucl. Instrum. Meth.",
      volume         = "A506",
      year           = "2003",
      pages          = "250-303",
      doi            = "10.1016/S0168-9002(03)01368-8",
}
@article{ref:geant4b,
      author         = "Allison, J. and others",
      title          = "{Geant4 developments and applications}",
      journal        = "IEEE Trans. Nucl. Sci.",
      volume         = "53",
      year           = "2006",
      pages          = "270",
      doi            = "10.1109/TNS.2006.869826 ",
}


@article{Jadach:2000ir,
      author         = "Jadach, S. and Ward, B. F. L. and Was, Z.",
      title          = "{Coherent exclusive exponentiation for precision Monte
                        Carlo calculations}",
      journal        = "Phys. Rev.",
      volume         = "D63",
      year           = "2001",
      pages          = "113009",
      doi            = "10.1103/PhysRevD.63.113009",
      eprint         = "hep-ph/0006359",
      archivePrefix  = "arXiv",
      primaryClass   = "hep-ph",
      reportNumber   = "CERN-TH-2000-087, UTHEP-99-09-01",
      SLACcitation   = "%%CITATION = HEP-PH/0006359;%%"
}

@misc{pingrg_mc,
      title ="{BESIII internal talk: Official MC production for 4600 data}" ,
      year = {2014},
}

@article{vfit,
      author         = "徐敏",
      title          = "{BESIII实验的顶点及共振态粒子重建研究}",
      year           = "2009",
      note           = "中国科学技术大学博士论文",

}


@article{CLEO_phase1,
      author         = "D. M. Asner and others",
      title          = "{[CLEO Collaboration], Update measurement of the strong phase in {$D^0\rightarrow K^+\pi^-$} decay using quantum correlations in $e^+e^-\rightarrow D^0\bar{D}^0$ at CLEO}",
      collaboration  = "CLEO Collaboration",
      journal        = "Phys. Rev. ",
      volume         = "D86",
      pages          = "112001",
      year           = "2012",
      eprint         = "1210.0939",
      archivePrefix  = "arXiv",
      primaryClass   = "hep-ph",
      }

@article{CLEO_phase2,
      author         = "D. M. Asner and others",
      title          = "{[CLEO Collaboration], Determination of the {$D^0\rightarrow K^+\pi^-$} Relative Strong Phase Using Quantum-Correlated Measurements in $e^+e^-\rightarrow D^0\bar{D}^0$ at CLEO}",
      collaboration  = "CLEO Collaboration",
      journal        = "Phys. Rev. ",
      volume         = "D78",
      pages          = "012001",
      year           = "2008",
      eprint         = "0802.2268",
      archivePrefix  = "arXiv",
      primaryClass   = "hep-ph",
      }

@article{ref:argus,
      author         = "Albrecht, H. and others",
      title          = "{[ARGUS Collaboration], Search for Hadronic $b \to u$ Decays}",
      collaboration  = "ARGUS",
      journal        = "Phys. Lett.",
      volume         = "B241",
      year           = "1990",
      pages          = "278-282",
      doi            = "10.1016/0370-2693(90)91293-K",
      reportNumber   = "DESY-90-008",
      SLACcitation   = "%%CITATION = PHLTA,B241,278;%%"
}


@misc{songwm:report,
      title ="{BESIII internal talk: Tracking and PID for XYZ data}" ,
  year = {2014},
}

@misc{duanpf:report,
      title ="{BESIII internal talk: Pi0 efficiency systematic in pis(3770) data}" ,
  year = {2014},
}

@misc{matian:2014memo,
      title ="{BESIII internal talk: Determination of $K_{S}$ Efficiency Systematics}" ,
  year = {2014},
}

@misc{machangli:memo,
title ="{BESIII internal talk: Observation of $\chi_{cJ}$ Decays to $\Lambda \bar{\Lambda}\pi^{+}\pi^{-}$}" ,
  year = {2012},
}


@misc{lipr:report,
title ="{BESIII internal talk: Charge asymmetry on detection efficiencies}" ,
  year = {2015},
}


@article{CLEO_LSFit,
      author         = "W. M. Sun.",
      title          = "{Simultaneous least squares treatment of statistical and systemaic uncertainties}",
      journal        = "Nucl. Instrum. Meth. A",
      volume         = "556",
      pages          = "325",
      year           = "2006",
      }

@article{Guan:2013hua,
      author         = "Guan, Yinghui and Lu, Xiao-Rui and Zheng, Yangheng and Zhu, Yong-Sheng",
      title          = "{Simultaneous least squares fitter based on the Lagrange multiplier method}",
      journal        = "Chin. Phys.",
      volume         = "C37",
      year           = "2013",
      pages          = "106201",
      doi            = "10.1088/1674-1137/37/10/106201",
      eprint         = "1304.6170",
      archivePrefix  = "arXiv",
      primaryClass   = "hep-ex",
      SLACcitation   = "%%CITATION = ARXIV:1304.6170;%%"
}

@book{zhu1,
  author =       {朱永生},
  title =        {实验物理中的概率和统计},
  publisher =    {科学出版社},
  year =         {2006},
  address =      {北京},
  pages          = "Sec 9.8",
}


@book{zhu2,
  author =       {A. G. Frodesen, O. Skjeggestad, H. Tofte},
  title =        {Probability and Statistics in Particle Physics},
  publisher =    {Universitetsforlaget, Bergen-Oslo-Tromso},
  year =         {1979},
  pages          = "Sec 10.8",
}


