@article{Chatrchyan:2011kc,
   author         = "Chatrchyan, Serguei and others",
   title          = "{$\jpsi$ and $\psitwos$ production in $pp$ collisions at $\sqrt{s}=7\tev$}",
   collaboration  = "CMS",
   journal        = "JHEP",
   volume         = "02",
   pages          = "011",
   doi            = "10.1007/JHEP02(2012)011",
   year           = "2012",
   eprint         = "1111.1557",
   archivePrefix  = "arXiv",
   primaryClass   = "hep-ex",
   reportNumber   = "CMS-BPH-10-014, CERN-PH-EP-2011-177",
   SLACcitation   = "%%CITATION = ARXIV:1111.1557;%%",
}

@misc{LefrancoisTalk,
	author="Lefrancous, Jacques ", 
	title = "Crystal Ball fits",
	howpublished="\href{https://indico.cern.ch/event/120195/contribution/1/material/slides/1.pdf}{link}" 
}


@misc{Trackweb,
  title = "Tracking correction table",
  howpublished= "\href{https://twiki.cern.ch/twiki/bin/view/LHCb/LHCbTrackingEfficiencies}{https://
	               twiki.cern.ch/twiki/bin/view/LHCb/LHCbTrackingEfficiencies}"
}


@article{Santos:2013gra,
	author         = "Mart√≠nez Santos, Diego and Dupertuis, Frederic",
	title          = "{Mass distributions marginalized over per-event errors}",
	journal        = "Nucl.Instrum.Meth.",
	volume         = "A764",
	pages          = "150-155",
	doi            = "10.1016/j.nima.2014.06.081",
	year           = "2014",
	eprint         = "1312.5000",
	archivePrefix  = "arXiv",
	primaryClass   = "hep-ex",
	SLACcitation   = "%%CITATION = ARXIV:1312.5000;%%",
}

@techreport{Needham:1080556,
	author        = "Needham, M",
	title         = "{Performance of the LHCb Track Reconstruction Software}",
	institution   = "CERN",
	address       = "Geneva",
	number        = "LHCb-2007-144. CERN-LHCb-2007-144",
	month         = "Jan",
	year          = "2008",
	reportNumber  = "LHCb-2007-144",
	url           = "http://cds.cern.ch/record/1080556",
}

@misc{FONLLcalculator,
	author="Cacciari, Matteo ", 
	howpublished="\href{http://www.lpthe.jussieu.fr/~cacciari/fonll/fonllform.html}{FONLL calculator}" 
}



@article{Cacciari:2015fta,
	author         = "Cacciari, Matteo and Mangano, Michelangelo L. and Nason,
	Paolo",
	title          = "{Gluon PDF constraints from the ratio of forward heavy quark production at the LHC at $\sqrt{S}$=7 and 13 \tev}",
	year           = "2015",
	eprint         = "1507.06197",
	archivePrefix  = "arXiv",
	primaryClass   = "hep-ph",
	reportNumber   = "CERN-PH-TH-2015-171",
	SLACcitation   = "%%CITATION = ARXIV:1507.06197;%%"
}
@article{Chatrchyan:2012woa,
      author         = "Chatrchyan, Serguei and others",
      title          = "{Measurement of the $Y(1S), Y(2S)$ and $Y(3S)$ polarizations in $pp$ collisions at $\sqrt{s}=7$ TeV}",
      collaboration  = "CMS",
      journal        = "Phys. Rev. Lett.",
      volume         = "110",
      year           = "2013",
      number         = "8",
      pages          = "081802",
      doi            = "10.1103/PhysRevLett.110.081802",
      eprint         = "1209.2922",
      archivePrefix  = "arXiv",
      primaryClass   = "hep-ex",
      reportNumber   = "CMS-BPH-11-023, CERN-PH-EP-2012-205",
      SLACcitation   = "%%CITATION = ARXIV:1209.2922;%%"
}

@article{Cacciari:2012ny,
	author         = "Cacciari, Matteo and Frixione, Stefano and Houdeau, Nicolas and Mangano, Michelangelo L. and Nason, Paolo and others",
	title          = "{Theoretical predictions for charm and bottom production at the LHC}",
journal        = "JHEP",
volume         = "1210",
pages          = "137",
doi            = "10.1007/JHEP10(2012)137",
year           = "2012",
eprint         = "1205.6344",
archivePrefix  = "arXiv",
primaryClass   = "hep-ph",
reportNumber   = "CERN-PH-TH-2011-227",
SLACcitation   = "%%CITATION = ARXIV:1205.6344;%%",
}

@article{Shao:2014yta,
	author         = "Shao, Hua-Sheng and Han, Hao and Ma, Yan-Qing and Meng, Ce and Zhang, Yu-Jie and others",
	title          = "{Yields and polarizations of prompt $J/\psi$ and $\psi(2S)$ production in hadronic collisions}",
journal        = "JHEP",
volume         = "1505",
pages          = "103",
doi            = "10.1007/JHEP05(2015)103",
year           = "2015",
eprint         = "1411.3300",
archivePrefix  = "arXiv",
primaryClass   = "hep-ph",
SLACcitation   = "%%CITATION = ARXIV:1411.3300;%%",
}

@lhcbreport{LHCb-ANA-2010-004,
	author        = "Albrecht, J and Bressieux, J and Carboni, G and Cogan, J
		and Frosini, M and Gao, Y and He, J and Lanfranchi, G and
		Le Gac, R and Liu, B and Manca, G and Needham, M and
		Palutan, M and Passaleva, G and Pepe-Altarelli, M and Qian,
	W and Robbe, P and Sabatino, G and Sarti, A and Serrano, J",
	title         = "{Measurement of the $J/\psi$ production cross-section in
		LHCb (Summer Conferences 2010)}",
month         = "Oct",
year          = "2010",
number ="{LHCb-ANA-2010-004}"
}

@lhcbreport{LHCb-ANA-2010-012,
	author        = "Albrecht, J and Bressieux, J and Carboni, G and Cogan, J
		and de Capua, S and Frosini, M and Gao, Y and He, J and
		Lanfranchi, G and Le Gac, R and Liu, B and Manca, G and
		Needham, M and Palutan, M and Passaleva, G and
		Pepe-Altarelli, M and Qian, W and Robbe, P and Sabatino, G
		and Santovetti, E and Sarti, A and Schneider, O and
		Serrano, J and Zhang, Y",
	title         = "{Updated measurement of the $J/\psi$ production cross-section in LHCb}",
month         = "Dec",
year          = "2010",
number ="{LHCb-ANA-2010-012}"
}

@lhcbreport{LHCb-ANA-2012-061,
	author        = "Pepe-Altarelli, Monica",
	title         = "{Measurement of $J/\psi$ production in $pp$ collisions at
		$\sqrt{s}=2.76$ TeV}",
month         = "Jan",
year          = "2012",
number ="{LHCb-ANA-2012-061}"
}

@lhcbreport{LHCb-ANA-2012-058,
	author        = "Belyav, Vanya and Fitzpatrick, Conor and He, Jibo and
		Manca, Giulia and Palutan, Matteo and Pepe-Altarelli,
	Monica and Sciascia, Barbara and Qian, Wenbin",
	title         = "{Production of $J/\psi$ and $\Upsilon(nS)$ mesons in $pp$
		collisions at $\sqrt{s}$ = 8 TeV}",
month         = "May",
year          = "2012",
number ="{LHCb-ANA-2012-058}"
}

@article{kl,
	author = "Kullback, S. and Leibler, R.\ A.",
	title = "On information and sufficiency",
	DOI = "10.1214/aoms/1177729694",
	journal = "Ann.\ Math.\ Statist.",
	volume = "22",
	year = "1951",
	pages = "79"
}
@article{kl2,
	author = "Kullback, S.",
	title = "{Letter to editor: the Kullback-Leibler distance}",
	journal = "The American Statistician",
	volume = "41",
	year = "1987",
	pages = "340"
}
@lhcbreport{kl3,
	author = "{the use of the Kullback-Leibler distance is described in M.\ Needham}",
	title = "{Clone track identification using the Kullback-Leibler distance}",
	number = "LHCb-2008-002"
}


% Correct Bibtex entries are best obtained by cut-and-paste from 
% Spires or Inspire. 
% - They might still need some editing of Latex symbols in 
%   the titles. 
% - Page ranges should in many cases be shortened to just 
%   having the start page.
% - Collaborations might need to be added or indeed just the word 
%   "collaboration" put after them.

% Below are a set of standard references to use for LHCb.

#csm, fusion chic
@article{Carlson:1976cd,
   author         = "Carlson, C.E. and Suaya, R.",
   title          = "{Hadronic Production of $J/\psi$ Mesons}",
   journal        = "Phys.Rev.",
   volume         = "D14",
   pages          = "3115",
   doi            = "10.1103/PhysRevD.14.3115",
   year           = "1976",
   reportNumber   = "WM-PP-10",
   SLACcitation   = "%%CITATION = PHRVA,D14,3115;%%",
}

@article{Donnachie:1976ue,
   author         = "Donnachie, A. and Landshoff, P.V.",
   title          = "{Production of Lepton Pairs, $J/\psi$ and Charm with Hadron Beams}",
   journal        = "Nucl.Phys.",
   volume         = "B112",
   pages          = "233",
   doi            = "10.1016/0550-3213(76)90532-0",
   year           = "1976",
   reportNumber   = "CERN-TH-2166",
   SLACcitation   = "%%CITATION = NUPHA,B112,233;%%",
}


#csm, fusion chic
@article{Ellis:1976fj,
   author         = "Ellis, S.D. and Einhorn, Martin B. and Quigg, C.",
   title          = "{Comment on Hadronic Production of Psions}",
   journal        = "Phys.Rev.Lett.",
   volume         = "36",
   pages          = "1263",
   doi            = "10.1103/PhysRevLett.36.1263",
   year           = "1976",
   reportNumber   = "FERMILAB-PUB-76-029-THY, FERMILAB-PUB-76-029-T",
   SLACcitation   = "%%CITATION = PRLTA,36,1263;%%",
}
#csm fusion
@article{Fritzsch:1977ay,
   author         = "Fritzsch, Harald",
   title          = "{Producing Heavy Quark Flavors in Hadronic Collisions: A Test of Quantum Chromodynamics}",
   journal        = "Phys.Lett.",
   volume         = "B67",
   pages          = "217",
   doi            = "10.1016/0370-2693(77)90108-3",
   year           = "1977",
   reportNumber   = "CALT-68-582",
   SLACcitation   = "%%CITATION = PHLTA,B67,217;%%",
}

@article{Gluck:1977zm,
   author         = "Gluck, M. and Owens, J.F. and Reya, E.",
   title          = "{Gluon Contribution to Hadronic $J/\psi$ Production}",
   journal        = "Phys.Rev.",
   volume         = "D17",
   pages          = "2324",
   doi            = "10.1103/PhysRevD.17.2324",
   year           = "1978",
   reportNumber   = "FSU HEP 77-08-10",
   SLACcitation   = "%%CITATION = PHRVA,D17,2324;%%",
}

@article{Chang:1979nn,
   author         = "Chang, Chao-Hsi",
   title          = "{Hadronic Production of $J/\psi$ Associated With a Gluon}",
   journal        = "Nucl.Phys.",
   volume         = "B172",
   pages          = "425-434",
   doi            = "10.1016/0550-3213(80)90175-3",
   year           = "1980",
   reportNumber   = "CERN-TH-2755",
   SLACcitation   = "%%CITATION = NUPHA,B172,425;%%",
}

@article{Baier:1981uk,
   author         = "Baier, R. and Ruckl, R.",
   title          = "{Hadronic Production of $J/\psi$ and Upsilon: Transverse Momentum Distributions}",
   journal        = "Phys.Lett.",
   volume         = "B102",
   pages          = "364",
   doi            = "10.1016/0370-2693(81)90636-5",
   year           = "1981",
   reportNumber   = "BI-TP 81/06",
   SLACcitation   = "%%CITATION = PHLTA,B102,364;%%",
}


@article{Bodwin:1994jh,
   author         = "Bodwin, Geoffrey T. and Braaten, Eric and Lepage, G.  Peter",
   title          = "{Rigorous QCD analysis of inclusive annihilation and production of heavy quarkonium}",
   journal        = "Phys.Rev.",
   volume         = "D51",
   pages          = "1125-1171",
   doi            = "10.1103/PhysRevD.51.1125 10.1103/PhysRevD.55.5853,
   10.1103/PhysRevD.55.5853, 10.1103/PhysRevD.51.1125",
   year           = "1995",
   eprint         = "hep-ph/9407339",
   archivePrefix  = "arXiv",
   primaryClass   = "hep-ph",
   reportNumber   = "ANL-HEP-PR-94-24,
   FERMILAB-PUB-94-073-T, NUHEP-TH-94-5",
   SLACcitation   = "%%CITATION = HEP-PH/9407339;%%",
}
@article{Cho:1995vh,
   author         = "Cho, Peter L. and Leibovich, Adam K.",
   title          = "{Color octet quarkonia production}",
   journal        = "Phys.Rev.",
   volume         = "D53",
   pages          = "150-162",
   doi            = "10.1103/PhysRevD.53.150",
   year           = "1996",
   eprint         = "hep-ph/9505329",
   archivePrefix  = "arXiv",
   primaryClass   = "hep-ph",
   reportNumber   = "CALT-68-1988",
   SLACcitation   = "%%CITATION = HEP-PH/9505329;%%",
}

@article{Cho:1995ce,
   author         = "Cho, Peter L. and Leibovich, Adam K.",
   title          = "{Color octet quarkonia production. 2.}",
   journal        = "Phys.Rev.",
   volume         = "D53",
   pages          = "6203-6217",
   doi            = "10.1103/PhysRevD.53.6203",
   year           = "1996",
   eprint         = "hep-ph/9511315",
   archivePrefix  = "arXiv",
   primaryClass   = "hep-ph",
   reportNumber   = "CALT-68-2026",
   SLACcitation   = "%%CITATION = HEP-PH/9511315;%%",
}

@article{Abe:1997jz,
   author         = "Abe, F. and others", 
   title          = "{$J/\psi$ and $\psi(2S)$ production in $p\bar{p}$ collisions at $\sqrt{s} = 1.8$ TeV}",
   collaboration  = "CDF",
   journal        = "Phys.Rev.Lett.",
   volume         = "79",
   pages          = "572-577",
   doi            = "10.1103/PhysRevLett.79.572",
   year           = "1997",
   reportNumber   = "FERMILAB-PUB-97-024-E, CDF-PUB-BOTTOM-PUBLIC-3792,
   FERMILAB-PUB-98-173-EJ",
   SLACcitation   = "%%CITATION = PRLTA,79,572;%%",
}

@article{Aaltonen:2009dm,
      author         = "Aaltonen, T. and others",
      title          = "{Production of $\psi(2S)$ Mesons in p anti-p Collisions at 1.96-TeV}",
      collaboration  = "CDF",
      journal        = "Phys. Rev.",
      volume         = "D80",
      year           = "2009",
      pages          = "031103",
      doi            = "10.1103/PhysRevD.80.031103",
      eprint         = "0905.1982",
      archivePrefix  = "arXiv",
      primaryClass   = "hep-ex",
      reportNumber   = "FERMILAB-PUB-09-232-E",
      SLACcitation   = "%%CITATION = ARXIV:0905.1982;%%"
}

@article{Campbell:2007ws,
   author         = "Campbell, John M. and Maltoni, F. and Tramontano, F.",
   title          = "{QCD corrections to $J/\psi$ and Upsilon production at hadron colliders}",
   journal        = "Phys.Rev.Lett.",
   volume         = "98",
   pages          = "252002",
   doi            = "10.1103/PhysRevLett.98.252002",
   year           = "2007",
   eprint         = "hep-ph/0703113",
   archivePrefix  = "arXiv",
   primaryClass   = "HEP-PH",
   SLACcitation   = "%%CITATION = HEP-PH/0703113;%%",
}

@article{Lansberg:2011hi,
   author         = "Lansberg, J.P.",
   title          = "{$J/\psi$ production at sqrt(s)=1.96 and 7 TeV: Color-Singlet Model, NNLO* and polarisation}",
   journal        = "J.Phys.",
   volume         = "G38",
   pages          = "124110",
   doi            = "10.1088/0954-3899/38/12/124110",
   year           = "2011",
   eprint         = "1107.0292",
   archivePrefix  = "arXiv",
   primaryClass   = "hep-ph",
   SLACcitation   = "%%CITATION = ARXIV:1107.0292;%%",
}


@article{Cacciari:1995yt,
   author         = "Cacciari, Matteo and Greco, Mario and Mangano, Michelangelo L. and Petrelli, Andrea",
   title          = "{Charmonium production at the Tevatron}",
   journal        = "Phys.Lett.",
   volume         = "B356",
   pages          = "553-560",
   doi            = "10.1016/0370-2693(95)00868-L",
   year           = "1995",
   eprint         = "hep-ph/9505379",
   archivePrefix  = "arXiv",
   primaryClass   = "hep-ph",
   reportNumber   = "CERN-TH-95-129, FNT-T-95-17, IFUP-TH-25-95",
   SLACcitation   = "%%CITATION = HEP-PH/9505379;%%",
}

@article{Braaten:1994vv,
   author         = "Braaten, Eric and Fleming, Sean",
   title          = "{Color octet fragmentation and the psi-prime surplus at the Tevatron}",
   journal        = "Phys.Rev.Lett.",
   volume         = "74",
   pages          = "3327-3330",
   doi            = "10.1103/PhysRevLett.74.3327",
   year           = "1995",
   eprint         = "hep-ph/9411365",
   archivePrefix  = "arXiv",
   primaryClass   = "hep-ph",
   reportNumber   = "NUHEP-TH-94-26",
   SLACcitation   = "%%CITATION = HEP-PH/9411365;%%",
}

@article{Ma:2010jj,
   author         = "Ma, Yan-Qing and Wang, Kai and Chao, Kuang-Ta",
   title          = "{A complete NLO calculation of the $J/\psi$ and $\psi'$ production at hadron colliders}",
   journal        = "Phys.Rev.",
   volume         = "D84",
   pages          = "114001",
   doi            = "10.1103/PhysRevD.84.114001",
   year           = "2011",
   eprint         = "1012.1030",
   archivePrefix  = "arXiv",
   primaryClass   = "hep-ph",
   SLACcitation   = "%%CITATION = ARXIV:1012.1030;%%",
}

@article{Gong:2008sn,
   author         = "Gong, Bin and Wang, Jian-Xiong",
   title          = "{Next-to-leading-order QCD corrections to $J/\psi$ polarization at Tevatron and Large-Hadron-Collider energies}",
   journal        = "Phys.Rev.Lett.",
   volume         = "100",
   pages          = "232001",
   doi            = "10.1103/PhysRevLett.100.232001",
   year           = "2008",
   eprint         = "0802.3727",
   archivePrefix  = "arXiv",
   primaryClass   = "hep-ph",
   SLACcitation   = "%%CITATION = ARXIV:0802.3727;%%",
}


@article{Gong:2008ft,
   author         = "Gong, Bin and Li, Xue Qian and Wang, Jian-Xiong",
   title          = "{QCD corrections to $J/\psi$ production via color octet states at Tevatron and LHC}",
   journal        = "Phys.Lett.",
   volume         = "B673",
   pages          = "197-200",
   doi            = "10.1016/j.physletb.2009.02.026 10.1016/j.physletb.2010.09.031, 10.1016/j.physletb.2009.02.026, 10.1016/j.physletb.2010.09.031",
   year           = "2009",
   eprint         = "0805.4751",
   archivePrefix  = "arXiv",
   primaryClass   = "hep-ph",
   SLACcitation   = "%%CITATION = ARXIV:0805.4751;%%",
}


@article{Butenschoen:2010rq,
   author         = "Butenschoen, Mathias and Kniehl, Bernd A.",
   title          = "{Reconciling $J/\psi$ production at HERA, RHIC, Tevatron, and LHC with NRQCD factorization at next-to-leading order}",
   journal        = "Phys.Rev.Lett.",
   volume         = "106",
   pages          = "022003",
   doi            = "10.1103/PhysRevLett.106.022003",
   year           = "2011",
   eprint         = "1009.5662",
   archivePrefix  = "arXiv",
   primaryClass   = "hep-ph",
   reportNumber   = "DESY-10-101",
   SLACcitation   = "%%CITATION = ARXIV:1009.5662;%%",
}
@article{Chao:2012iv,
   author         = "Chao, Kuang-Ta and Ma, Yan-Qing and Shao, Hua-Sheng and Wang, Kai and Zhang, Yu-Jie",
   title          = "{$J/\psi$ Polarization at Hadron Colliders in Nonrelativistic QCD}",
   journal        = "Phys.Rev.Lett.",
   volume         = "108",
   pages          = "242004",
   doi            = "10.1103/PhysRevLett.108.242004",
   year           = "2012",
   eprint         = "1201.2675",
   archivePrefix  = "arXiv",
   primaryClass   = "hep-ph",
   SLACcitation   = "%%CITATION = ARXIV:1201.2675;%%",
}

@article{Gong:2012ug,
   author         = "Gong, Bin and Wan, Lu-Ping and Wang, Jian-Xiong and Zhang, Hong-Fei",
   title          = "{Polarization for Prompt $J/\psi$ and $\psi(2S)$ Production at the Tevatron and LHC}",
   journal        = "Phys.Rev.Lett.",
   number         = "4",
   volume         = "110",
   pages          = "042002",
   doi            = "10.1103/PhysRevLett.110.042002",
   year           = "2013",
   eprint         = "1205.6682",
   archivePrefix  = "arXiv",
   primaryClass   = "hep-ph",
   SLACcitation   = "%%CITATION = ARXIV:1205.6682;%%",
}

@article{Butenschoen:2012px,
   author         = "Butenschoen, Mathias and Kniehl, Bernd A.",
   title          = "{$J/\psi$ polarization at Tevatron and LHC: Nonrelativistic-QCD factorization at the crossroads}",
   journal        = "Phys.Rev.Lett.",
   volume         = "108",
   pages          = "172002",
   doi            = "10.1103/PhysRevLett.108.172002",
   year           = "2012",
   eprint         = "1201.1872",
   archivePrefix  = "arXiv",
   primaryClass   = "hep-ph",
   reportNumber   = "DESY-12-001",
   SLACcitation   = "%%CITATION = ARXIV:1201.1872;%%",
}

@article{Abulencia:2007us,
   author         = "Abulencia, A. and others",
   title          = "{Polarization of $J/\psi$ and $\psi_{2S}$ mesons produced in $p \bar{p}$ collisions at $\sqrt{s}$ = 1.96-TeV}",
   collaboration  = "CDF",
   journal        = "Phys.Rev.Lett.",
   volume         = "99",
   pages          = "132001",
   doi            = "10.1103/PhysRevLett.99.132001",
   year           = "2007",
   eprint         = "0704.0638",
   archivePrefix  = "arXiv",
   primaryClass   = "hep-ex",
   reportNumber   = "FERMILAB-PUB-07-072-E",
   SLACcitation   = "%%CITATION = ARXIV:0704.0638;%%",
}

@article{Abazov:2008aa,
   author         = "Abazov, V.M. and others",
   title          = "{Measurement of the polarization of the $\upsilon_{1S}$ and $\upsilon_{2S}$ states in $p \bar{p}$ collisions at $\sqrt{s}$ = 1.96-TeV}",
   collaboration  = "D0",
   journal        = "Phys.Rev.Lett.",
   volume         = "101",
   pages          = "182004",
   doi            = "10.1103/PhysRevLett.101.182004",
   year           = "2008",
   eprint         = "0804.2799",
   archivePrefix  = "arXiv",
   primaryClass   = "hep-ex",
   reportNumber   = "FERMILAB-PUB-08-089-E",
   SLACcitation   = "%%CITATION = ARXIV:0804.2799;%%",
}

@article{Abelev:2011md,
   author         = "Abelev, Betty and others",
   title          = "{$J/\psi$ polarization in $pp$ collisions at $\sqrt{s}=7$ TeV}",
   collaboration  = "ALICE",
   journal        = "Phys.Rev.Lett.",
   volume         = "108",
   pages          = "082001",
   doi            = "10.1103/PhysRevLett.108.082001",
   year           = "2012",
   eprint         = "1111.1630",
   archivePrefix  = "arXiv",
   primaryClass   = "hep-ex",
   reportNumber   = "CERN-PH-EP-2011-182",
   SLACcitation   = "%%CITATION = ARXIV:1111.1630;%%",
}

@article{Beneke:1995yb,
   author         = "Beneke, M. and Rothstein, I.Z.",
   title          = "{$\psi^{'}$ polarization as a test of color octet quarkonium production}",
   journal        = "Phys.Lett.",
   volume         = "B372",
   pages          = "157-164",
   doi            = "10.1016/0370-2693(96)00030-5",
   year           = "1996",
   eprint         = "hep-ph/9509375",
   archivePrefix  = "arXiv",
   primaryClass   = "hep-ph",
   reportNumber   = "UM-TH-95-23",
   SLACcitation   = "%%CITATION = HEP-PH/9509375;%%",
}

@article{Chatrchyan:2013cla,
   author         = "Chatrchyan, Serguei and others",
   title          = "{Measurement of the prompt $J/\psi$ and $\psi$(2S) polarizations in $pp$ collisions at $\sqrt{s}$ = 7 TeV}",
   collaboration  = "CMS",
   journal        = "Phys.Lett.",
   volume         = "B727",
   pages          = "381-402",
   doi            = "10.1016/j.physletb.2013.10.055",
   year           = "2013",
   eprint         = "1307.6070",
   archivePrefix  = "arXiv",
   primaryClass   = "hep-ex",
   reportNumber   = "CMS-BPH-13-003, CERN-PH-EP-2013-140",
   SLACcitation   = "%%CITATION = ARXIV:1307.6070;%%",
}

@article{Aaij:2014qea,
   author         = "Aaij, Roel and others",
   title          = "{Measurement of $\psi(2S)$ polarisation in $pp$ collisions at $\sqrt{s}=7$ TeV}",
   collaboration  = "LHCb",
   journal        = "Eur.Phys.J.",
   number         = "5",
   volume         = "C74",
   pages          = "2872",
   doi            = "10.1140/epjc/s10052-014-2872-9",
   year           = "2014",
   eprint         = "1403.1339",
   archivePrefix  = "arXiv",
   primaryClass   = "hep-ex",
   reportNumber   = "LHCB-PAPER-2013-067, CERN-PH-EP-2014-029",
   SLACcitation   = "%%CITATION = ARXIV:1403.1339;%%",
}

@article{LHCb-PAPER-2013-067,
      author         = "Aaij, R. and others",
      title          = "{Measurement of $\psitwos$ polarisation in $\proton\proton$
                        collisions at $\sqrt{s}=7$\tev}",
      collaboration  = "LHCb collaboration",
      journal        = "Eur. Phys. J.",
      volume         = "C74",
      pages          = "2872",
      doi            = "10.1140/epjc/s10052-014-2872-9",
      year           = "2014",
      eprint         = "1403.1339",
      archivePrefix  = "arXiv",
      primaryClass   = "hep-ex",
      report         = "LHCb-PAPER-2013-067-CERN-PH-EP-2014-029",
      SLACcitation   = "%%CITATION = ARXIV:1403.1339;%%",
}

@article{Aaij:2013nlm,
   author         = "Aaij, R and others",
   title          = "{Measurement of $J/\psi$ polarization in $pp$ collisions at $\sqrt{s}=7$ TeV}",
   collaboration  = "LHCb",
   journal        = "Eur.Phys.J.",
   number         = "11",
   volume         = "C73",
   pages          = "2631",
   doi            = "10.1140/epjc/s10052-013-2631-3",
   year           = "2013",
   eprint         = "1307.6379",
   archivePrefix  = "arXiv",
   primaryClass   = "hep-ex",
   reportNumber   = "LHCB-PAPER-2013-008, CERN-PH-EP-2013-130",
   SLACcitation   = "%%CITATION = ARXIV:1307.6379;%%",
}


@article{Abelev:2012kr,
      author         = "Abelev, B. and others",
      title          = "{Inclusive $J/\psi$ production in $pp$ collisions at
                        $\sqrt{s} = 2.76$ TeV}",
      collaboration  = "ALICE",
      journal        = "Phys. Lett.",
      volume         = "B718",
      year           = "2012",
      pages          = "295-306",
      doi            = "10.1016/j.physletb.2012.10.078,
                        10.1016/j.physletb.2015.06.058",
      note           = "[Erratum: Phys. Lett.B748,472(2015)]",
      eprint         = "1203.3641",
      archivePrefix  = "arXiv",
      primaryClass   = "hep-ex",
      reportNumber   = "CERN-PH-EP-2012-055",
      SLACcitation   = "%%CITATION = ARXIV:1203.3641;%%"
}


@article{Khachatryan:2010yr,
   author         = "Khachatryan, Vardan and others",
   title          = "{Prompt and non-prompt $J/\psi$ production in $pp$ collisions at $\sqrt{s}=7$ TeV}",
   collaboration  = "CMS",
   journal        = "Eur.Phys.J.",
   volume         = "C71",
   pages          = "1575",
   doi            = "10.1140/epjc/s10052-011-1575-8",
   year           = "2011",
   eprint         = "1011.4193",
   archivePrefix  = "arXiv",
   primaryClass   = "hep-ex",
   reportNumber   = "CERN-PH-EP-2010-046, CMS-BPH-10-002",
   SLACcitation   = "%%CITATION = ARXIV:1011.4193;%%",
}

@article{Aad:2011sp,
   author         = "Aad, Georges and others",
   title          = "{Measurement of the differential cross-sections of inclusive, prompt and non-prompt $J/\psi$ production in proton-proton collisions at $\sqrt{s}=7$ TeV}",
   collaboration  = "ATLAS",
   journal        = "Nucl.Phys.",
   volume         = "B850",
   pages          = "387-444",
   doi            = "10.1016/j.nuclphysb.2011.05.015",
   year           = "2011",
   eprint         = "1104.3038",
   archivePrefix  = "arXiv",
   primaryClass   = "hep-ex",
   reportNumber   = "CERN-PH-EP-2011-041",
   SLACcitation   = "%%CITATION = ARXIV:1104.3038;%%",
}

@article{Aamodt:2011gj,
      author         = "Aamodt, K. and others",
      title          = "{Rapidity and transverse momentum dependence of inclusive
                        J$/\psi$ production in $pp$ collisions at $\sqrt{s} = 7$
                        TeV}",
      collaboration  = "ALICE",
      journal        = "Phys. Lett.",
      volume         = "B704",
      year           = "2011",
      pages          = "442-455",
      doi            = "10.1016/j.physletb.2011.09.054,
                        10.1016/j.physletb.2012.10.060",
      note           = "[Erratum: Phys. Lett.B718,692(2012)]",
      eprint         = "1105.0380",
      archivePrefix  = "arXiv",
      primaryClass   = "hep-ex",
      reportNumber   = "CERN-PH-EP-2011-057",
      SLACcitation   = "%%CITATION = ARXIV:1105.0380;%%"
}

@article{Cacciari:1998it,
   author         = "Cacciari, Matteo and Greco, Mario and Nason, Paolo",
   title          = "{The P(T) spectrum in heavy flavor hadroproduction}",
   journal        = "JHEP",
   volume         = "9805",
   pages          = "007",
   doi            = "10.1088/1126-6708/1998/05/007",
   year           = "1998",
   eprint         = "hep-ph/9803400",
   archivePrefix  = "arXiv",
   primaryClass   = "hep-ph",
   reportNumber   = "CERN-TH-98-77, LPTHE-ORSAY-98-11, IFUM-613-FT, LNF-98-008-P",
   SLACcitation   = "%%CITATION = HEP-PH/9803400;%%",
}


% The LHCb detector paper
@article{Alves:2008zz,
   author         = "Alves~Jr., A. A. and others",
   title          = "{The \lhcb detector at the LHC}",
   collaboration  = "LHCb collaboration",
   journal        = "JINST",
   volume         = "3",
   pages          = "S08005",
   doi            = "10.1088/1748-0221/3/08/S08005",
   year           = "2008",
}

% The HLT1 in 2010 data
@lhcbreport{LHCb-PUB-2011-003,
   author       = "Gligorov, Vladimir V",
   title        = "{A single track HLT1 trigger}",
   number       = "LHCb-PUB-2011-003",
}  

% PID performance
@article{LHCb-PROC-2011-008,
   author         = "Powell, A. and others",
   title          = "{Particle identification at LHCb}",
   journal        = "PoS",
   volume         = "ICHEP2010",
   pages          = "020",
   year           = "2010",
   note           = "\href{https://cdsweb.cern.ch/record/1322666?ln=en}{LHCb-PROC-2011-008}",
   SLACcitation   = "%%CITATION = POSCI,ICHEP2010,020;%%",
}


@lhcbreport{Bargiotti:2007zz,
   author         = "Bargiotti, M. and Vagnoni, V.",
   title          = "{Heavy quarkonia sector in PYTHIA 6.324: Tuning,
   validation and perspectives at LHC(b)}",
   year           = "2007",
   Number   = "CERN-LHCB-2007-042",
   SLACcitation   = "%%CITATION = CERN-LHCB-2007-042 ETC.;%%",
}


@article{Kramer:2001hh,
      author         = "Kramer, 1, Michael",
      title          = "{Quarkonium production at high-energy colliders}",
      journal        = "Prog. Part. Nucl. Phys.",
      volume         = "47",
      year           = "2001",
      pages          = "141-201",
      doi            = "10.1016/S0146-6410(01)00154-5",
      eprint         = "hep-ph/0106120",
      archivePrefix  = "arXiv",
      primaryClass   = "hep-ph",
      reportNumber   = "EDINBURGH-2001-06",
      SLACcitation   = "%%CITATION = HEP-PH/0106120;%%"
}

@article{PereiraDaCosta:2017wvz,
      author         = "Pereira Da Costa, Hugo",
      title          = "{Charmonium production in pp collisions with ALICE at the
                        LHC}",
      booktitle      = "{Proceedings, 16th International Conference on
                        Strangeness in Quark Matter (SQM 2016): Berkeley,
                        California, United States}",
      collaboration  = "ALICE",
      journal        = "J. Phys. Conf. Ser.",
      volume         = "779",
      year           = "2017",
      number         = "1",
      pages          = "012036",
      doi            = "10.1088/1742-6596/779/1/012036",
      SLACcitation   = "%%CITATION = 00462,779,012036;%%"
}

@article{Lansberg:2008gk,
      author         = "Lansberg, J. P.",
      title          = "{On the mechanisms of heavy-quarkonium hadroproduction}",
      booktitle      = "{Proceedings, 3rd International Conference on Hard and
                        Electromagnetic Probes of High-Energy Nuclear Collisions
                        (Hard Probes 2008): Illa da Toxa, Spain, June 8-14, 2008}",
      journal        = "Eur. Phys. J.",
      volume         = "C61",
      year           = "2009",
      pages          = "693-703",
      doi            = "10.1140/epjc/s10052-008-0826-9",
      eprint         = "0811.4005",
      archivePrefix  = "arXiv",
      primaryClass   = "hep-ph",
      reportNumber   = "SLAC-PUB-13473",
      SLACcitation   = "%%CITATION = ARXIV:0811.4005;%%"
}
@article{Gong:2012ug,
      author         = "Gong, Bin and Wan, Lu-Ping and Wang, Jian-Xiong and
                        Zhang, Hong-Fei",
      title          = "{Polarization for Prompt J/œà and œà(2s) Production at
                        the Tevatron and LHC}",
      journal        = "Phys. Rev. Lett.",
      volume         = "110",
      year           = "2013",
      number         = "4",
      pages          = "042002",
      doi            = "10.1103/PhysRevLett.110.042002",
      eprint         = "1205.6682",
      archivePrefix  = "arXiv",
      primaryClass   = "hep-ph",
      SLACcitation   = "%%CITATION = ARXIV:1205.6682;%%"
}
@article{Williams:2017viu,
      author         = "Williams, Mark",
      title          = "{Upgrade of the LHCb VELO detector}",
      booktitle      = "{Proceedings, 14th Topical Seminar on Innovative Particle
                        and Radiation Detectors (IPRD16): Siena, Italy, October
                        3-6, 2016}",
      collaboration  = "LHCb VELO Upgrade group",
      journal        = "JINST",
      volume         = "12",
      year           = "2017",
      number         = "01",
      pages          = "C01020",
      doi            = "10.1088/1748-0221/12/01/C01020",
      SLACcitation   = "%%CITATION = JINST,12,C01020;%%"
}
@article{Cassina:2015rim,
      author         = "Cassina, Lorenzo",
      title          = "{LHCb RICH Upgrade: an overview of the photon detector
                        and electronic system}",
      booktitle      = "{Proceedings, Topical Workshop on Electronics for
                        Particle Physics (TWEPP15): Lisbon, Portugal, September 28
                        - October 02, 2015}",
      collaboration  = "LHCb RICH Upgrade",
      journal        = "JINST",
      volume         = "11",
      year           = "2016",
      number         = "01",
      pages          = "C01025",
      doi            = "10.1088/1748-0221/11/01/C01025",
      eprint         = "1511.09308",
      archivePrefix  = "arXiv",
      primaryClass   = "physics.ins-det",
      SLACcitation   = "%%CITATION = ARXIV:1511.09308;%%"
}
@article{Pinci:2016rml,
      author         = "Pinci, D. and Santimaria, M.",
      title          = "{Study of the GEM chamber for the upgrade of the LHCb
                        muon system}",
      booktitle      = "{Proceedings, 24th Conference on High Energy Physics
                        (IFAE 2015): Rome, Italy, April 8-10, 2015}",
      journal        = "Nuovo Cim.",
      volume         = "C39",
      year           = "2016",
      number         = "1",
      pages          = "265",
      doi            = "10.1393/ncc/i2016-16265-2",
      SLACcitation   = "%%CITATION = NUCIA,C39,265;%%"
}
@article{Belyaev:2011zza,
      author         = "Belyaev, I. and others",
      title          = "{Handling of the generation of primary events in Gauss,
                        the LHCb simulation framework}",
      booktitle      = "{Proceedings, 18th International Conference on Computing
                        in High Energy and Nuclear Physics (CHEP 2010): Taipei,
                        Taiwan, October 18-22, 2010}",
      collaboration  = "LHCb",
      journal        = "J. Phys. Conf. Ser.",
      volume         = "331",
      year           = "2011",
      pages          = "032047",
      doi            = "10.1088/1742-6596/331/3/032047",
      SLACcitation   = "%%CITATION = 00462,331,032047;%%"
}
@article{Aaij:2011er,
      author         = "Aaij, R. and others",
      title          = "{Absolute luminosity measurements with the LHCb detector
                        at the LHC}",
      collaboration  = "LHCb",
      journal        = "JINST",
      volume         = "7",
      year           = "2012",
      pages          = "P01010",
      doi            = "10.1088/1748-0221/7/01/P01010",
      eprint         = "1110.2866",
      archivePrefix  = "arXiv",
      primaryClass   = "hep-ex",
      reportNumber   = "LHCB-PAPER-2011-015, CERN-PH-EP-2011-157",
      SLACcitation   = "%%CITATION = ARXIV:1110.2866;%%"
}

@article{Winn:2014fqa,
      author         = "Winn, Michael",
      title          = "{Inclusive J/œà and œà(2S) production in p‚ÄìPb
                        collisions at $\sqrt{s_{NN}}$=5.02 TeV with ALICE at the
                        LHC}",
      booktitle      = "{Proceedings, 6th International Conference on Hard and
                        Electromagnetic Probes of High-Energy Nuclear Collisions
                        (Hard Probes 2013): Cape Town, South Africa, November 4-8,
                        2013}",
      collaboration  = "ALICE",
      journal        = "Nucl. Phys.",
      volume         = "A932",
      year           = "2014",
      pages          = "472-477",
      doi            = "10.1016/j.nuclphysa.2014.09.062",
      eprint         = "1404.1615",
      archivePrefix  = "arXiv",
      primaryClass   = "hep-ex",
      SLACcitation   = "%%CITATION = ARXIV:1404.1615;%%"
}

@article{Knuenz:2015hga,
      author         = "Kn√ºnz, Valentin",
      title          = "{Quarkonium production and polarization in pp collisions
                        the CMS detector}",
      booktitle      = "{Proceedings, 15th International Conference on B-Physics
                        at Frontier Machines (Beauty 2014): Edinburgh, UK, July
                        14-18, 2014}",
      collaboration  = "CMS",
      journal        = "PoS",
      volume         = "Beauty2014",
      year           = "2015",
      pages          = "012",
      SLACcitation   = "%%CITATION = POSCI,Beauty2014,012;%%"
}

@article{Ducati:2016cjz,
      author         = "Gay Ducati, M. B. and Griep, M. T. and Machado, M. V. T.",
      title          = "{Quarkonium photoproduction in $pp$ and $AA$ collisions
                        at the LHC}",
      booktitle      = "{Proceedings, 6th International Conference on Physics
                        Opportunities at an ElecTron-Ion Collider (POETIC 2015):
                        Palaiseau, France, September 7-11, 2015}",
      journal        = "EPJ Web Conf.",
      volume         = "112",
      year           = "2016",
      pages          = "02005",
      doi            = "10.1051/epjconf/201611202005",
      SLACcitation   = "%%CITATION = 00776,112,02005;%%"
}

@article{Lee:2017vpd,
      author         = "Lee, Songkyo",
      title          = "{J/œà production in pPb collisions from CMS}",
      booktitle      = "{Proceedings, 46th International Symposium on
                        Multiparticle Dynamics (ISMD 2016): Jeju Island, South
                        Korea}",
      journal        = "EPJ Web Conf.",
      volume         = "141",
      year           = "2017",
      pages          = "08013",
      doi            = "10.1051/epjconf/201714108013",
      SLACcitation   = "%%CITATION = 00776,141,08013;%%"
}

@article{Papadimitriou:1992xd,
      author         = "Papadimitriou, V.",
      title          = "{Inclusive $J/\psi$, $\psi$ (2S) and $b$ quark production
                        in $\bar{p} p$ collisions at $\sqrt{s}$ = 1.8-TeV}",
      booktitle      = "{Proceedings, 26th International Conference on
                        High-energy Physics (ICHEP 92): Dallas, Texas, USA, August
                        6-12, 1992}",
      journal        = "AIP Conf. Proc.",
      volume         = "272",
      year           = "2008",
      pages          = "1086-1092",
      doi            = "10.1063/1.43556",
      reportNumber   = "FERMILAB-CONF-92-252-E",
      SLACcitation   = "%%CITATION = APCPC,272,1086;%%"
}
@article{Lange:2001uf,
      author         = "Lange, D. J.",
      title          = "{The EvtGen particle decay simulation package}",
      booktitle      = "{Proceedings, 7th International Conference on B physics
                        at hadron machines (BEAUTY 2000): Maagan, Israel,
                        September 13-18, 2000}",
      journal        = "Nucl. Instrum. Meth.",
      volume         = "A462",
      year           = "2001",
      pages          = "152-155",
      doi            = "10.1016/S0168-9002(01)00089-4",
      SLACcitation   = "%%CITATION = NUIMA,A462,152;%%"
}
@article{Needham:2007zz,
      author         = "Needham, M.",
      title          = "{Performance of the LHCb track reconstruction software}",
      year           = "2007",
      reportNumber   = "CERN-LHCB-2007-144, LPHE-2008-01",
      SLACcitation   = "%%CITATION = CERN-LHCB-2007-144;%%"
}
@article{Aaij:2014pwa,
      author         = "Aaij, Roel and others",
      title          = "{Measurement of the track reconstruction efficiency at
                        LHCb}",
      collaboration  = "LHCb",
      journal        = "JINST",
      volume         = "10",
      year           = "2015",
      number         = "02",
      pages          = "P02007",
      doi            = "10.1088/1748-0221/10/02/P02007",
      eprint         = "1408.1251",
      archivePrefix  = "arXiv",
      primaryClass   = "hep-ex",
      reportNumber   = "CERN-LHCB-DP-2013-002",
      SLACcitation   = "%%CITATION = ARXIV:1408.1251;%%"
}
@article{c1_sm_free_neutrino,
      author         = "Cowan, C. L. and Reines, F. and Harrison, F. B. and Kruse, H. W. and McGuire, A. D.",
      title          = "{Detection of the free neutrino: A Confirmation}",
      journal        = "Science",
      volume         = "124",
      year           = "1956",
      pages          = "103-104",
      doi            = "10.1126/science.124.3212.103",
      SLACcitation   = "%%CITATION = SCIEA,124,103;%%"
}

@article{c1_hd_Hooft_1,
      author         = "'t Hooft, Gerard",
      title          = "{Renormalizable Lagrangians for Massive Yang-Mills Fields}",
      journal        = "Nucl. Phys.",
      volume         = "B35",
      year           = "1971",
      pages          = "167-188",
      doi            = "10.1016/0550-3213(71)90139-8",
      SLACcitation   = "%%CITATION = NUPHA,B35,167;%%"
}
@article{c1_sm_tau,
		author         = "Perl, Martin L. and others",
		title          = "{Evidence for Anomalous Lepton Production in $e^+e^-$ Annihilation}",
		journal        = "Phys. Rev. Lett.",
		volume         = "35",
		year           = "1975",
		pages          = "1489-1492",
		doi            = "10.1103/PhysRevLett.35.1489",
		reportNumber   = "SLAC-PUB-1626, LBL-4228",
		SLACcitation   = "%%CITATION = PRLTA,35,1489;%%"

}
@article{c1_sm_donut,
      author         = "Kodama, K. and others",
      title          = "{[DONUT Collaboration], Observation of tau neutrino interactions}",
      collaboration  = "DONUT",
      journal        = "Phys. Lett.",
      volume         = "B504",
      year           = "2001",
      pages          = "218-224",
      doi            = "10.1016/S0370-2693(01)00307-0",
      eprint         = "hep-ex/0012035",
      archivePrefix  = "arXiv",
      primaryClass   = "hep-ex",
      reportNumber   = "FERMILAB-PUB-00-335-E",
      SLACcitation   = "%%CITATION = HEP-EX/0012035;%%"
}

@article{c1_hd_Politzer,
      author         = "Politzer, H. David",
      title          = "{Reliable Perturbative Results for Strong Interactions?}",
      journal        = "Phys. Rev. Lett.",
      volume         = "30",
      year           = "1973",
      pages          = "1346-1349",
      doi            = "10.1103/PhysRevLett.30.1346",
      SLACcitation   = "%%CITATION = PRLTA,30,1346;%%"
}
@article{Glashow:1961tr,
      author         = "Glashow, S. L.",
      title          = "{Partial Symmetries of Weak Interactions}",
      journal        = "Nucl. Phys.",
      volume         = "22",
      year           = "1961",
      pages          = "579-588",
      doi            = "10.1016/0029-5582(61)90469-2",
      SLACcitation   = "%%CITATION = NUPHA,22,579;%%"
}
@article{Agashe:2014kda,
      author         = "Olive, K. A. and others",
      title          = "{Review of Particle Physics}",
      collaboration  = "Particle Data Group",
      journal        = "Chin. Phys.",
      volume         = "C38",
      year           = "2014",
      pages          = "090001",
      doi            = "10.1088/1674-1137/38/9/090001",
      SLACcitation   = "%%CITATION = CHPHD,C38,090001;%%"
}
@article{Brambilla:2010cs,
      author         = "Brambilla, N. and others",
      title          = "{Heavy quarkonium: progress, puzzles, and opportunities}",
      journal        = "Eur. Phys. J.",
      volume         = "C71",
      year           = "2011",
      pages          = "1534",
      doi            = "10.1140/epjc/s10052-010-1534-9",
      eprint         = "1010.5827",
      archivePrefix  = "arXiv",
      primaryClass   = "hep-ph",
      reportNumber   = "SLAC-R-996, TUM-EFT-11-10, CLNS-10-2066,
                        ANL-HEP-PR-10-44, ALBERTA-THY-11-10, CP3-10-37,
                        FZJ-IKP-TH-2010-24, INT-PUB-10-059, JLAB-THY-11-1308,
                        FERMILAB-PUB-10-737-T",
      SLACcitation   = "%%CITATION = ARXIV:1010.5827;%%"
}
@article{Aad:2011xv,
      author         = "Aad, Georges and others",
      title          = "{Measurement of the $\Upsilon$(1S) production
                        cross-section in $pp$ collisions at $\sqrt{s}=$ 7 TeV in
                        ATLAS}",
      collaboration  = "ATLAS",
      journal        = "Phys. Lett.",
      volume         = "B705",
      year           = "2011",
      pages          = "9-27",
      doi            = "10.1016/j.physletb.2011.09.092",
      eprint         = "1106.5325",
      archivePrefix  = "arXiv",
      primaryClass   = "hep-ex",
      reportNumber   = "CERN-PH-EP-2011-083",
      SLACcitation   = "%%CITATION = ARXIV:1106.5325;%%"
}
@article{Chatrchyan:2011kc,
      author         = "Chatrchyan, Serguei and others",
      title          = "{$J/\psi$ and $\psi_{2S}$ production in $pp$ collisions
                        at $\sqrt{s}=7$ TeV}",
      collaboration  = "CMS",
      journal        = "JHEP",
      volume         = "02",
      year           = "2012",
      pages          = "011",
      doi            = "10.1007/JHEP02(2012)011",
      eprint         = "1111.1557",
      archivePrefix  = "arXiv",
      primaryClass   = "hep-ex",
      reportNumber   = "CMS-BPH-10-014, CERN-PH-EP-2011-177",
      SLACcitation   = "%%CITATION = ARXIV:1111.1557;%%"
}
@article{Khachatryan:2010zg,
      author         = "Khachatryan, Vardan and others",
      title          = "{Upsilon Production Cross-Section in pp Collisions at
                        $sqrt{s}=7$ TeV}",
      collaboration  = "CMS",
      journal        = "Phys. Rev.",
      volume         = "D83",
      year           = "2011",
      pages          = "112004",
      doi            = "10.1103/PhysRevD.83.112004",
      eprint         = "1012.5545",
      archivePrefix  = "arXiv",
      primaryClass   = "hep-ex",
      reportNumber   = "CERN-PH-EP-2010-055, CMS-BPH-10-003",
      SLACcitation   = "%%CITATION = ARXIV:1012.5545;%%"
}
@article{Aaij:2011jh,
      author         = "Aaij, R. and others",
      title          = "{Measurement of $J/\psi$ production in $pp$ collisions at
                        $\sqrt{s}=7~\rm{TeV}$}",
      collaboration  = "LHCb",
      journal        = "Eur. Phys. J.",
      volume         = "C71",
      year           = "2011",
      pages          = "1645",
      doi            = "10.1140/epjc/s10052-011-1645-y",
      eprint         = "1103.0423",
      archivePrefix  = "arXiv",
      primaryClass   = "hep-ex",
      reportNumber   = "LHCb-PAPER-2011-003, CERN-PH-EP-2011-018",
      SLACcitation   = "%%CITATION = ARXIV:1103.0423;%%"
}
@article{Aaij:2012ag,
      author         = "Aaij, R and others",
      title          = "{Measurement of $\psi(2S)$ meson production in pp collisions at $\sqrt{s}$=7 TeV}",
      collaboration  = "LHCb",
      journal        = "Eur. Phys. J.",
      volume         = "C72",
      year           = "2012",
      pages          = "2100",
      doi            = "10.1140/epjc/s10052-012-2100-4",
      eprint         = "1204.1258",
      archivePrefix  = "arXiv",
      primaryClass   = "hep-ex",
      reportNumber   = "CERN-PH-EP-2012-094, LHCB-PAPER-2011-045",
      SLACcitation   = "%%CITATION = ARXIV:1204.1258;%%"
}
@article{LHCb:2012aa,
      author         = "Aaij, R. and others",
      title          = "{Measurement of Upsilon production in pp collisions at
                        $\sqrt{s}$ = 7 TeV}",
      collaboration  = "LHCb",
      journal        = "Eur. Phys. J.",
      volume         = "C72",
      year           = "2012",
      pages          = "2025",
      doi            = "10.1140/epjc/s10052-012-2025-y",
      eprint         = "1202.6579",
      archivePrefix  = "arXiv",
      primaryClass   = "hep-ex",
      reportNumber   = "CERN-PH-EP-2012-051, LHCB-PAPER-2011-036",
      SLACcitation   = "%%CITATION = ARXIV:1202.6579;%%"
}
@article{Qiao:2009kg,
      author         = "Qiao, Cong-Feng and Sun, Li-Ping and Sun, Peng",
      title          = "{Testing Charmonium Production Mechamism via Polarized
                        J/psi Pair Production at the LHC}",
      journal        = "J. Phys.",
      volume         = "G37",
      year           = "2010",
      pages          = "075019",
      doi            = "10.1088/0954-3899/37/7/075019",
      eprint         = "0903.0954",
      archivePrefix  = "arXiv",
      primaryClass   = "hep-ph",
      SLACcitation   = "%%CITATION = ARXIV:0903.0954;%%"
}
@article{LHCb:2012ac,
      author         = "Aaij, R. and others",
      title          = "{Measurement of the cross-section ratio
                        $\sigma(\chi_{c2})/\sigma(\chi_{c1})$ for prompt $\chi_c$
                        production at $\sqrt{s}=7$ TeV}",
      collaboration  = "LHCb",
      journal        = "Phys. Lett.",
      volume         = "B714",
      year           = "2012",
      pages          = "215-223",
      doi            = "10.1016/j.physletb.2012.06.077",
      eprint         = "1202.1080",
      archivePrefix  = "arXiv",
      primaryClass   = "hep-ex",
      reportNumber   = "LHCB-PAPER-2011-019, CERN-PH-EP-2011-227",
      SLACcitation   = "%%CITATION = ARXIV:1202.1080;%%"
}
@article{LHCb:2012af,
      author         = "Aaij, R and others",
      title          = "{Measurement of the ratio of prompt $\chi_{c}$ to
                        $J/\psi$ production in $pp$ collisions at $\sqrt{s}=7$
                        TeV}",
      collaboration  = "LHCb",
      journal        = "Phys. Lett.",
      volume         = "B718",
      year           = "2012",
      pages          = "431-440",
      doi            = "10.1016/j.physletb.2012.10.068",
      eprint         = "1204.1462",
      archivePrefix  = "arXiv",
      primaryClass   = "hep-ex",
      reportNumber   = "CERN-PH-EP-2012-068, LHCB-PAPER-2011-030",
      SLACcitation   = "%%CITATION = ARXIV:1204.1462;%%"
}


@article{Xu:1992sw,
      author         = "Xu, Q. P. and Kamal, A. N.",
      title          = "{The Nonleptonic charmed baryon decays: B(c) ---> B
                        (3/2+, decuplet) + P(0-) or V(1-)}",
      journal        = "Phys. Rev.",
      volume         = "D46",
      year           = "1992",
      pages          = "3836-3844",
      doi            = "10.1103/PhysRevD.46.3836",
      reportNumber   = "ALBERTA-THY-20-92",
      SLACcitation   = "%%CITATION = PHRVA,D46,3836;%%"
}

@article{Fayyazuddin:1996iy,
      author         = "Fayyazuddin and Riazuddin",
      title          = "{On the relative strength of W exchange and factorization
                        contributions in hadronic decays of charmed baryons}",
      journal        = "Phys. Rev.",
      volume         = "D55",
      year           = "1997",
      pages          = "255-258",
      doi            = "10.1103/PhysRevD.55.255, 10.1103/PhysRevD.56.531",
      note           = "[Erratum: Phys. Rev.D56,531(1997)]",
      reportNumber   = "PRINT-96-155 (JEDDAH)",
      SLACcitation   = "%%CITATION = PHRVA,D55,255;%%"
}

@article{Avery:1993vj,
      author         = "Avery, P. and others",
      title          = "{Study of the decays lambda(c)+ ---> xi0 K+, lambda(c)+
                        ---> sigma+ K+ K- and lambda(c)+ ---> xi- K+ pi+}",
      collaboration  = "CLEO",
      journal        = "Phys. Rev. Lett.",
      volume         = "71",
      year           = "1993",
      pages          = "2391-2395",
      doi            = "10.1103/PhysRevLett.71.2391",
      reportNumber   = "CLNS-93-1205, CLEO-93-04",
      SLACcitation   = "%%CITATION = PRLTA,71,2391;%%"
}

@article{Albrecht:1994hr,
      author         = "Albrecht, H. and others",
      title          = "{Evidence for W exchange in charmed baryon decays}",
      collaboration  = "ARGUS",
      journal        = "Phys. Lett.",
      volume         = "B342",
      year           = "1995",
      pages          = "397-401",
      doi            = "10.1016/0370-2693(94)01513-C",
      reportNumber   = "DESY-94-177",
      SLACcitation   = "%%CITATION = PHLTA,B342,397;%%"
}

%% The PDG 2017 version (PDG 2016 + 2017 updates announced 31-May-17)
@article{PDG2017,
      author    = "Patrignani, C. and others",
      collaboration = "Particle Data Group",
      title     = "{\href{http://pdg.lbl.gov/}{Review of particle physics}}",
      journal   = "Chin. Phys.",
      volume         = "C38",
      year           = "2014",
      pages          = "090001",
      doi            = "10.1088/1674-1137/38/9/090001",
      SLACcitation   = "%%CITATION = CHPHD,C38,090001;%%"
}

@article{Ablikim:2018bir,
      author         = "Ablikim, Medina and others",
      title          = "{Measurements of Absolute Branching Fractions for $\Lambda^+_c\to\Xi^0K^+$ and $\Xi(1530)^0K^+$}",
      collaboration  = "BESIII",
      year           = "2018",
      eprint         = "1803.04299",
      archivePrefix  = "arXiv",
      primaryClass   = "hep-ex",
      SLACcitation   = "%%CITATION = ARXIV:1803.04299;%%"
}



@article{Abelev:2014qha,
      author         = "Abelev, Betty Bezverkhny and others",
      title          = "{Measurement of quarkonium production at forward rapidity in $\pp$ collisions at $\sqrt{s} = 7$ TeV}",
      collaboration  = "ALICE",
      journal        = "Eur. Phys. J.",
      volume         = "C74",
      year           = "2014",
      number         = "8",
      pages          = "2974",
      doi            = "10.1140/epjc/s10052-014-2974-4",
      eprint         = "1403.3648",
      archivePrefix  = "arXiv",
      primaryClass   = "nucl-ex",
      reportNumber   = "CERN-PH-EP-2014-042",
      SLACcitation   = "%%CITATION = ARXIV:1403.3648;%%"
}

@article{Aad:2014fpa,
      author         = "Aad, Georges and others",
      title          = "{Measurement of the production cross-section of $\psitwos \to \jpsi ( \to \mu^{+} \mu^{-}) \pi^{+} \pi^{-}$ in $\pp$ collisions at $\sqrt{s}$ = 7 TeV at ATLAS}",
      collaboration  = "ATLAS",
      journal        = "JHEP",
      volume         = "09",
      year           = "2014",
      pages          = "079",
      doi            = "10.1007/JHEP09(2014)079",
      eprint         = "1407.5532",
      archivePrefix  = "arXiv",
      primaryClass   = "hep-ex",
      reportNumber   = "CERN-PH-EP-2014-095",
      SLACcitation   = "%%CITATION = ARXIV:1407.5532;%%"
}

@article{Khachatryan:2015rra,
      author         = "Khachatryan, Vardan and others",
      title          = "{Measurement of $\jpsi$ and $\psitwos$ prompt double-differential cross sections in $\pp$ collisions at $\sqrt{s}$=7 TeV}",
      collaboration  = "CMS",
      journal        = "Phys. Rev. Lett.",
      volume         = "114",
      year           = "2015",
      number         = "19",
      pages          = "191802",
      doi            = "10.1103/PhysRevLett.114.191802",
      eprint         = "1502.04155",
      archivePrefix  = "arXiv",
      primaryClass   = "hep-ex",
      reportNumber   = "CMS-BPH-14-001, CERN-PH-EP-2015-022",
      SLACcitation   = "%%CITATION = ARXIV:1502.04155;%%"
}


@article{Aad:2015duc,
      author         = "Aad, Georges and others",
      title          = "{Measurement of the differential cross-sections of prompt and non-prompt production of $\jpsi$ and $\psitwos$ in $\pp$ collisions at $\sqrt{s} = 7$ and 8 TeV with the ATLAS detector}",
      collaboration  = "ATLAS",
      journal        = "Eur. Phys. J.",
      volume         = "C76",
      year           = "2016",
      number         = "5",
      pages          = "283",
      doi            = "10.1140/epjc/s10052-016-4050-8",
      eprint         = "1512.03657",
      archivePrefix  = "arXiv",
      primaryClass   = "hep-ex",
      reportNumber   = "CERN-PH-EP-2015-292",
      SLACcitation   = "%%CITATION = ARXIV:1512.03657;%%"
}

% Crystal Ball function
@article{Skwarnicki:1986xj,
  author    = "Skwarnicki, Tomasz",
  title     = "{A study of the radiative cascade transitions between the Upsilon-prime and Upsilon resonances}",
  school = 	 {Institute of Nuclear Physics, Krakow},
  year = 	 {1986},
  note = 	 "{\href{http://inspirehep.net/record/230779/}{DESY-F31-86-02}}",
  SLACcitation   = "%%CITATION = DESY-F31-86-02 ETC.;%%"
}

@article{Cranmer:2000du,
      author         = "Cranmer, Kyle S.",
      title          = "{Kernel estimation in high-energy physics}",
      journal        = "Comput. Phys. Commun.",
      volume         = "136",
      year           = "2001",
      pages          = "198-207",
      doi            = "10.1016/S0010-4655(00)00243-5",
      eprint         = "hep-ex/0011057",
      archivePrefix  = "arXiv",
      primaryClass   = "hep-ex",
      SLACcitation   = "%%CITATION = HEP-EX/0011057;%%"
}

@techreport{DeCian:1402577,
      author        = "De Cian, Michel and Hansmann-Menzemer, Stephanie and
                       Jaeger, Andreas and Seyfert, Paul and van Tilburg, Jeroen
                       and Wandernoth, Sebastian",
      title         = "{Measurement of the track finding efficiency}",
      institution   = "CERN",
      address       = "Geneva",
      number        = "LHCb-PUB-2011-025. CERN-LHCb-PUB-2011-025",
      month         = "Apr",
      year          = "2012",
      reportNumber  = "LHCb-PUB-2011-025",
      url           = "http://cds.cern.ch/record/1402577",
}
@article{LHCb-DP-2012-004,
      author         = "Aaij, R. and others",
      title          = "{The \lhcb trigger and its performance in 2011}",
      journal        = "JINST",
      volume         = "8",
      pages          = "P04022",
      doi            = "10.1088/1748-0221/8/04/P04022",
      year           = "2013",
      eprint         = "1211.3055",
      archivePrefix  = "arXiv",
      primaryClass   = "hep-ex",
      reportNumber   = "LHCb-DP-2012-004",
      SLACcitation   = "%%CITATION = ARXIV:1211.3055;%%",
}


@article{LHCb-PAPER-2015-037,
      author         = "Aaij, R. and others",
      title          = "{Measurement of forward $\jpsi$ production cross-sections 
                        in $\proton\proton$ collisions at $\sqrt{s}=13$\tev}",
      collaboration  = "LHCb collaboration",
      year           = "2015",
      report         = "{LHCb-PAPER-2015-037, CERN-PH-EP-2015-222}",
      eprint         = "1509.00771",
      archivePrefix  = "arXiv",
      primaryClass   = "hep-ex",
      SLACcitation   = "%%CITATION = ARXIV:1509.00771;%%",
      journal        = "JHEP",
      volume         = "10",
      pages          = "172",
      doi            = "10.1007/JHEP10(2015)172",
      extraPrefix    = "Erratum",
      extraVolume    = "05",
      extraPages     = "063",
      extraYear      = "2017",
      extraDoi       = "10.1007/JHEP05(2017)063",
}

% Pythia 6.4
@article{Sjostrand:2006za,
      author         = {Sj\"{o}strand, Torbj\"{o}rn and Mrenna, Stephen and 
                       Skands, Peter"},
      title          = "{PYTHIA 6.4 physics and manual}",
      journal        = "JHEP",
      volume         = "05",
      pages          = "026",
      doi            = "10.1088/1126-6708/2006/05/026",
      year           = "2006",
      eprint         = "hep-ph/0603175",
      archivePrefix  = "arXiv",
      primaryClass   = "hep-ph",
}

@article{Sjostrand:2007gs,
      author         = {Sj\"{o}strand, Torbj\"{o}rn and Mrenna, Stephen and
                        Skands, Peter"},
      title          = "{A brief introduction to PYTHIA 8.1}",
      journal        = "Comput. Phys. Commun.",
      volume         = "178",
      pages          = "852-867",
      doi            = "10.1016/j.cpc.2008.01.036",
      year           = "2008",
      eprint         = "0710.3820",
      archivePrefix  = "arXiv",
      primaryClass   = "hep-ph",
      reportNumber   = "CERN-LCGAPP-2007-04, LU-TP-07-28,
                        FERMILAB-PUB-07-512-CD-T",
      SLACcitation   = "%%CITATION = ARXIV:0710.3820;%%",
}

